2626 4470
976 236 1020 314 15

176 356 319 432 ratione
342 351 538 458 productio
562 353 754 456 organicae
778 357 952 466 materiae
968 263 1070 434 nol-

177 475 284 554 mulis
308 491 576 578 promoveatur

100 597 165 674 ΠΙ.
190 597 505 700 symptomatibua
537 594 785 704 gravioribus,
816 611 880 674 ant
911 597 1072 678 laterali·

175 717 247 794 bns
272 730 496 794 occurratur.
835 805 841 815 .
1074 787 1080 796 ,

100 837 317 939 sternes,
343 853 381 914 et
405 837 741 917 reconvalemeuua
764 841 833 916 rite
860 835 1073 940 dirigantur.

171 958 298 1059 Certe,
323 973 364 1034 ut
389 960 429 1034 in
455 960 558 1035 omni
581 959 732 1059 morbo,
754 963 810 1036 cic
836 971 874 1034 et
894 961 937 1035 'in
955 957 1073 1034 Pella-

100 1105 165 1181 gra
181 1083 305 1157 omnia
325 1079 553 1156 Medicorum
575 1082 920 1158 conaminafruatra
938 1081 1077 1181 forent,-

102 1203 175 1280 nisi
200 1226 328 1276 caueae
348 1199 521 1276 morbum
543 1203 761 1302 excitantes,
776 1217 840 1277 aut
854 1201 960 1278 illum
976 1198 1074 1276 alen·

101 1337 161 1398 tea
191 1321 422 1422 tollerentur,
451 1321 751 1422 debilitarentur,
775 1325 959 1419 innocuae
991 1325 1075 1402 red·

101 1444 286 1518 derentrrn
319 1443 516 1545 Propterea
549 1441 759 1520 valedicunt
789 1443 868 1546 illi,
902 1448 967 1548 qui
998 1444 1075 1521 hoc

100 1564 236 1640 morbo
253 1565 517 1666 corripiuntur,
541 1562 742 1666 laboribus,
762 1581 916 1641 caveant
940 1592 961 1640 a
986 1557 1076 1642 eolis
1176 1571 1180 1576 ’

101 1685 239 1789 radiis,
276 1697 315 1758 et
344 1686 460 1762 vitam
495 1683 731 1760 umbratilem
769 1683 929 1786 ducant,
961 1685 1074 1762 abati·

101 1819 217 1889 neant
242 1829 262 1878 a
288 1795 395 1880 victu'
415 1805 555 1912 evaea
580 1807 688 1907 lllaye
711 1804 898 1906 conlecto,
923 1821 1076 1882 utantur

101 1928 206 2016 rictu
231 1949 275 1998 ex
306 1911 525 2000 animalibus
550 1923 753 2026 junioribus
784 1926 927 2028 parato,
960 1925 1073 2029 lacte,

103 2045 208 2149 quod
233 2045 299 2120 cel.
326 2046 441 2123 Souna
466 2046 544 2120 fere
567 2049 836 2148 pro'specifico
868 2049 909 2122 in
941 2049 1073 2124 morbo

101 2165 309 2276 pellagroeo
334 2165 514 2268 declarat,
540 2181 577 2240 et
599 2191 643 2244 ex
663 2193 739 2268 quo
761 2171 1000 2270 expertissimi
1021 2169 1083 2246 viz

102 2290 136 2368 ri
161 2311 313 2388 magnos
338 2288 487 2364 effectus
517 2285 769 2367 observarunt.
794 2289 975 2365 Hauriant
1003 2317 1081 2395 pro⁴

101 2421 197 2509 potu
232 2409 360 2483 vinum
394 2409 611 2508 optimum,
650 2433 746 2511 aqua
779 2407 961 2486 dilutum:
996 2436 1073 2488 nno
1108 2461 1112 2468 -

101 2527 236 2630 verbo,
261 2527 411 2630 vivendi
435 2530 538 2606 ratio·
557 2528 641 2606 tabe
665 2533 733 2630 sit,
758 2544 801 2606 ut
824 2532 930 2608 Doct.
954 2531 1074 2608 Gutvn

103 2648 382 2752 vult-,nempcz
410 2655 523 2730 vireu
550 2655 597 2726 cit
623 2665 816 2752 eupeptrcr,
839 2678 865 2726 a
890 2648 1074 2728 laboribus

104 2773 241 2848 cubuc.
414 2791 417 2798 ·

180 2888 249 2964 llla
273 2912 378 2990 vero,
408 2915 501 2993 quae
534 2889 604 2968 aab
638 2889 993 2994 medicamentorum
1025 2892 1074 2972 ti·

106 3008 187 3088 tulo
210 3012 382 3112 veniunt,
399 3037 484 3086 cum
503 3015 723 3088 enumeratis
741 3015 782 3089 in
798 3037 914 3088 unum
930 3028 972 3088 nt
988 3037 1073 3090 con-

105 3131 247 3234 rpirettt
270 3146 425 3233 oportet.
451 3133 521 3208 Hic
545 3132 668 3210 morbl
691 3145 842 3234 natura,
866 3147 904 3208 et
918 3130 1082 3234 indoles,-

106 3263 286 3353 quantnm
299 3251 489 3330 observare
505 3250 627 3354 licuit,
646 3251 914 3332 medicamenta
938 3255 1073 3355 tunica,

107 3381 248 3472 amara,
273 3384 310 3446 et
339 3371 471 3448 leniter
502 3371 712 3450 roborantia
743 3371 815 3448 eibi
846 3375 999 3475 expetit,
1029 3399 1075 3450 ac
1113 3383 1114 3388 ’
1172 3361 1174 3364 ’

106 3493 327 3596 experientia
343 3492 485 3570 bonum
501 3519 627 3570 eornm
642 3494 812 3570 effectum
832 3495 1072 3574 conuenerit

181 3612 220 3688 Si
245 3613 396 3691 morbus
420 3637 507 3690 reru
533 3620 608 3716 jam
632 3616 859 3715 provectior,
884 3629 921 3690 et
945 3612 1075 3690 debili-

105 3745 162 3808 tas
186 3733 361 3814 notabilia
384 3733 573 3816 observata
597 3734 728 3837 fuerit,
743 3730 1073 3844 tuncne-timtdnntia
