2626 4470
120 377 319 477 praeceptis
343 374 452 477 atque
476 377 650 452 institutis
677 380 884 479 evanuisse,
908 381 970 455 vix
1003 409 1083 482 pen

60 597 63 604 Ι
118 522 242 595 peram
278 497 550 588 concludimus,
570 539 572 544 ·
590 513 724 574 terram
760 501 977 602 quamlibet,
1016 502 1081 576 ubi

118 615 246 690 cadem
263 643 349 690 cure
365 613 564 718 eademque
582 621 705 694 cautio
720 619 956 720 adhibeatur,
973 649 1082 722 posse

118 762 137 808 a
163 735 244 812 diro
269 737 367 811 malo
394 737 549 812 liberari.
575 742 738 815 Breviter
753 743 876 841 itaque
896 747 1083 843 expositis,

117 883 209 956 quae
235 858 285 931 ad
308 852 447 958 lepram
473 861 725 960 avertendam,
745 861 1003 936 retardandam
1019 889 1083 963 pe·

116 980 261 1053 nituere
298 972 494 1077 fugandam
527 979 617 1054 aliae
653 995 768 1055 terrae
801 986 995 1085 tentarint,
1024 984 1083 1058 vel

117 1125 211 1200 quae
238 1099 369 1173 eodem
395 1101 547 1174 consilio
572 1103 650 1200 ipsa
676 1116 804 1176 natura
830 1119 975 1204 experta
989 1105 1085 1178 ium

116 1222 178 1310 rit,
204 1214 413 1314 videamus,
440 1221 529 1321 quid
551 1221 596 1294 de
613 1223 877 1298 Scandinarica
893 1225 1083 1330 peninsula

115 1366 262 1442 sperare
287 1343 467 1441 possimus
493 1349 507 1436 (
529 1345 551 1432 ).

187 1460 356 1535 Primum
378 1457 500 1535 autem
516 1461 747 1562 indagemuar,
764 1487 856 1564 quae
874 1464 922 1538 ad
943 1467 1084 1546 tristem
1111 1509 1115 1514 ·

113 1595 258 1683 pestem
274 1579 525 1684 expellendam
540 1563 760 1685 in‘AEgypto
782 1584 878 1658 facta
899 1586 989 1685 sint,
1005 1605 1084 1664 non

115 1705 200 1805 quia
227 1701 336 1797 nobis
361 1704 512 1780 omnino
537 1703 750 1805 persuasum
783 1721 854 1804 eat,
887 1705 982 1780 hanc
1015 1721 1085 1781 ter*

114 1850 176 1899 rae
202 1823 364 1924 plagam,
391 1826 446 1899 uti
468 1824 673 1929 complures
695 1825 866 1924 credunt,
888 1849 965 1899 csse
982 1827 1082 1901 foedi

114 1943 239 2019 morbi
273 1946 431 2045 primam
463 1947 692 2044 genitricem,
725 1971 882 2047 eumque
914 1947 1002 2020 inde
1036 1949 1085 2026 ad

78 2115 80 2120 ,
113 2069 255 2142 vicinas
281 2068 458 2172 primum,
483 2067 569 2143 dein
595 2067 642 2141 ad
667 2081 829 2142 coeteras
858 2083 970 2144 terras
1003 2091 1084 2144 era·

114 2201 260 2287 gaium,
286 2187 352 2260 sed
375 2187 460 2286 quia
485 2189 641 2288 primam
666 2202 830 2264 nostram
855 2188 964 2290 hujus
995 2190 1082 2268 mali

110 2310 361 2408 cognitionem
370 2311 473 2408 ,genti
491 2309 685 2407 debemus,
703 2333 814 2410 quae,
826 2309 992 2409 pluribus
1009 2333 1084 2384 sae·

113 2429 207 2504 'milis
233 2429 274 2502 in
298 2427 457 2530 AEgypto
484 2432 696 2521 transactis,
720 2428 820 2530 lepra
842 2431 977 2505 infecta
995 2432 1083 2502 emi·

114 2551 244 2649 gravit
268 2550 426 2651 AEgypti'
448 2549 587 2624 incolas
622 2551 730 2623 fuisse
762 2575 783 2623 a
815 2574 957 2626 summa
993 2550 1081 2633 iude

113 2670 292 2744 memoria
319 2669 469 2772 leprosis
490 2670 627 2745 morbis
645 2673 800 2769 graviter
815 2685 984 2768 vexatos,
1002 2695 1081 2769 om·

113 2792 222 2866 nium
265 2804 472 2892 temporum
512 2791 661 2865 historia
698 2790 843 2864 abunde
882 2790 999 2864 docet
1037 2791 1081 2866 In

114 2913 297 3011 scriptura
323 2911 447 2987 divina
472 2914 559 2988 eatis
585 2913 754 3016 bequeus
786 2901 920 2986 eorum
942 2911 1082 2990 mentio

116 3033 295 3107 occurrit:

116 3433 158 3498 (a)
175 3429 279 3484 Verum
296 3429 397 3483 etiamsi
414 3429 613 3503 progredimur,
636 3431 676 3484 uti
699 3447 760 3486 cum
782 3437 854 3484 terra
869 3424 947 3484 nobie
963 3447 1006 3485 res
1028 3431 1077 3504 eit,

175 3517 206 3569 in
223 3533 276 3588 qua
293 3517 369 3570 nulla
388 3517 518 3573 hactenus
540 3519 590 3570 luis
616 3511 747 3587 serpentia
769 3516 932 3572 coercendae
957 3515 1076 3590 pericula

176 3603 246 3657 lacta
263 3605 329 3674 sint,
346 3623 381 3658 ne
398 3591 512 3676 putetis,
531 3623 599 3677 quae
617 3606 651 3659 ad
668 3623 726 3658 eam
737 3607 855 3677 penitius
867 3605 1077 3676 cognoscendam

177 3691 337 3764 fortiterque
353 3691 525 3749 inhibendam
542 3709 675 3748 summum
686 3693 827 3767 imperium
837 3693 943 3749 iamiam
960 3691 1078 3760 iusserit,

180 3795 268 3834 omma
285 3799 316 3836 ea
332 3781 450 3852 ingratos
465 3799 516 3837 noa
531 3782 662 3852 ignorare.
