2612 4474
966 221 1038 326 ¹69

91 345 321 426 immaniores
359 346 541 424 videntur.
575 345 620 422 In
655 341 902 446 superioribus
935 345 1063 446 populi

91 468 255 560 clastibus
280 493 471 570 nunquam
496 466 569 544 hoc
589 464 729 546 malum
742 465 928 546 invenitur
935 493 946 566 3
969 466 1061 542 mihi
1118 557 1120 562 Ι

92 589 380 672 saltemriullum
406 589 477 665 tale
504 590 665 666 occurrit
690 587 913 690 exemplum.

114 773 118 780 .
160 714 326 808 Quatuor
350 699 462 810 anni,'
483 712 560 786 imo
585 735 673 786 vero
698 734 760 784 sex
785 725 823 786 et
846 709 971 812 plures
996 710 1058 786 de-
1092 750 1094 755 ·

91 847 253 934 currunt,
285 833 405 910 donec
437 834 587 914 morbos
620 830 670 906 ad
711 855 922 934 supremum
961 857 1062 934 syrn-

89 968 290 1056 ptomatum
310 969 354 1032 ct
382 953 535 1058 periculi
574 953 727 1056 gradum
758 955 977 1056 pervenerit
1016 956 1062 1030 Iu

89 1079 240 1177 septimo
275 1077 425 1160 &mum
457 1101 557 1156 anno
593 1075 744 1154 morbus
785 1077 931 1180 funesto
962 1079 1062 1152 exitu

90 1199 180 1277 finiri
212 1198 323 1299 solet,
348 1198 488 1276 scilicet
512 1223 556 1274 ea
580 1201 799 1300 aegrotantia
831 1199 1061 1290 conditione,

89 1319 148 1394 ubi
172 1319 332 1400 remedia
354 1335 420 1398 aut
440 1319 559 1422 nulla,
581 1334 648 1396 aut
672 1319 719 1394 ab
743 1323 922 1422 imperitis
948 1335 985 1396 et
1009 1323 1062 1396 sic

89 1441 182 1517 dicta
206 1443 368 1520 remedia
392 1442 614 1535 domestica,
638 1456 703 1516 aut
722 1440 831 1518 saluti
850 1441 960 1545 plane
978 1467 1063 1518 con-

89 1567 192 1640 traria
209 1561 500 1668 porrigebantur.
515 1567 617 1660 Quae
630 1564 779 1668 quidem
795 1565 836 1638 in
853 1565 1064 1640 universum

88 1685 351 1790 tantummodo-
374 1686 474 1765 volet
503 1689 695 1774 sententia
716 1685 763 1764 de
795 1684 916 1760 morbi
949 1675 1064 1772 nostri
1146 1739 1150 1752 .

89 1805 261 1907 decursu,
283 1811 418 1912 quippe
434 1812 498 1912 qui
522 1811 563 1884 in
590 1807 740 1914 diversis
765 1804 978 1882 bominibus
1003 1831 1063 1883 ra·

88 1931 160 2004 rius
185 1932 347 2007 inveniri
370 1922 502 2034 pooest.

21 2047 29 2054 ’
159 2041 241 2127 Iam
267 2049 513 2156 symptomata
539 2051 990 2156 singulorumatadiorum
1010 2079 1062 2126 se·
1148 2131 1151 2138 ,
1239 2059 1241 2066 ’

90 2172 252 2260 cundum
282 2173 482 2275 ordinarn‚'
503 2201 576 2276 quo
610 2201 753 2278 semper
785 2175 860 2250 fere
892 2172 1062 2250 incedere

88 2295 228 2394 solent,
254 2295 459 2380 describere
475 2295 647 2372 conabor.
671 2297 804 2382 Sinon
820 2319 964 2397 semper
979 2319 1062 2369 ean·

87 2415 189 2516 dem,
219 2441 329 2518 quam
348 2443 453 2507 (nunc
478 2433 688 2500 narraturus
713 2445 814 2518 sum,
842 2417 964 2498 morbi
997 2414 1064 2493 ob·

89 2565 209 2616 serres
235 2537 443 2640 historiam,
469 2565 616 2617 causam
641 2542 806 2619 invenies
830 2538 893 2616 vel·
914 2542 954 2614 in
970 2538 1062 2616 alius

90 2659 281 2739 cuiusdam
306 2660 439 2766 morbi·
454 2662 755 2765 complicatione,
780 2657 841 2740 vel
857 2662 909 2734 ‚in
938 2661 1062 2760 singu-
1180 2727 1184 2736 .

88 2783 155 2858 lari
181 2786 236 2858 tui
262 2786 398 2884 aegroti
420 2787 690 2860 constitutione.
708 2781 968 2884 Unusquisque
984 2808 1062 2860 me·

89 2904 193 2984 (ficus
202 2961 214 3007 ,
239 2909 380 2984 ratione
396 2921 434 2984 et
451 2906 620 2985 doctrici
636 2931 713 2982 non
729 2905 844 3009 plane
857 2904 1062 3004 destitutus,
1100 2955 1105 2968 ·

88 3028 297 3136 insingulo
322 3043 468 3136 quoque
495 3055 583 3132 casu·
605 3027 796 3128 morbum,
821 3035 864 3104 'ut
888 3052 962 3130 ⁴ego
996 3028 1060 3103 de·

87 3153 241 3254 scripsi,
277 3164 497 3252 cognoscet,
532 3177 602 3226 nec
629 3149 828 3226 'difficulter
858 3149 1007 3238 fortuita
1040 3177 1062 3224 a

89 3274 304 3352 necessariis
328 3271 447 3350 morbi
464 3271 778 3376 symptomatibus
804 3271 1002 3370 distinguet
1026 3285 1063 3346 et
1091 3349 1093 3354 f

88 3395 268 3499 peculiari
294 3393 452 3496 denique
477 3397 614 3496 aegroti
640 3377 823 3471 affectioni
843 3408 970 3500 aptam
998 3421 1061 3471 cu·
1141 3489 1143 3501 ,

90 3497 200 3593 randi
227 3515 448 3602 methodum
470 3517 586 3618 eliget.
673 3523 674 3526 ’

118 3697 125 3708 .
172 3621 444 3741 Symptomata:
469 3639 585 3714 Primi
610 3641 698 3714 anni
722 3651 968 3744 symptomata
987 3664 1063 3713 cer-

92 3753 236 3838 nuntur
260 3755 300 3836 in
326 3758 500 3837 caeruleis
525 3777 562 3836 et
591 3763 717 3838 crassis
743 3760 914 3862 maculis,
939 3757 998 3836 vel
1023 3763 1063 3831 in

226 3907 252 3960 J.
270 3903 360 3961 Frenis
370 3902 465 3961 -vot
483 3905 517 3962 ll·
918 3903 934 3954 8
