2626 4470
245 193 316 264 106

212 311 274 388 vel
295 309 467 382 educatos
493 306 552 386 rel
568 305 695 380 saltem
711 333 776 408 per
793 306 926 416 multos
943 335 1058 386 annos
1076 340 1179 388 com-

211 446 381 538 moratos.
408 429 636 526 Faeminam,
662 409 915 514 exanthemata
929 433 1050 531 leprae
1069 461 1176 534 squa-

210 579 333 626 mosne
372 550 480 622 simili
519 549 712 648 afflictam,
746 574 855 650 qnam
887 553 925 624 in
958 559 1175 628 nosocomio

211 672 400 745 Lundensi
437 669 529 742 mihi
571 671 733 769 contigit.
761 672 909 769 videre,
942 688 1023 746 utut
1055 700 1175 746 raram

147 852 157 862 κ
213 819 317 867 avem
347 791 605 888 intuebantur,
643 817 769 872 verum
807 817 873 864 nec
907 794 1174 892 Sounuunnnno,

212 914 539 1013 experientissimus
586 913 741 985 instituti
795 913 917 986 clinici
966 903 1173 989 Lundensis

148 1129 150 1136 Ι
213 1036 393 1130 director,
433 1039 534 1131 cujus
570 1046 647 1104 erat
685 1058 791 1108 curae
825 1035 1018 1134 mandata,
1053 1065 1174 1137 neque

212 1154 301 1248 alius
327 1153 421 1224 ullus
451 1177 531 1224 eam
563 1177 646 1228 vere
680 1151 860 1253 leprosam
895 1154 1075 1228 declarare
1109 1183 1175 1228 au-

213 1272 331 1345 debat.
372 1279 373 1282 ’

284 1394 355 1464 Vix
382 1417 475 1491 opus·
497 1406 574 1485 est,
601 1395 706 1496 utin
733 1393 903 1466 historica
937 1394 1004 1466 hac
1032 1389 1206 1494 disqui-'

214 1517 343 1588 sitione
370 1513 505 1586 diutius
532 1516 821 1611 acquiescamus,
839 1540 924 1612 nam
940 1541 984 1586 ex
1000 1518 1061 1612 iis,
1078 1543 1177 1615 quae

212 1637 387 1709 hactenus
413 1646 498 1705 sunt
523 1632 741 1734 disceptata,
767 1625 851 1706 satis
873 1635 1007 1731 elucet,
1032 1636 1175 1735 lepram

188 1811 189 1816 η
211 1757 340 1829 iisdem
366 1753 533 1826 remediis
550 1754 608 1828 vel
626 1754 861 1852 retardatam,
881 1756 937 1829 vel
956 1756 1187 1845 cohibitam,

210 1879 269 1952 vel
294 1902 439 1978 prorsus
466 1876 626 1974 fugatam
652 1877 771 1948 luisse.
799 1867 972 1948 Videmus
994 1877 1176 1978 interris,

212 2024 300 2097 quas
328 1995 434 2068 foeda
460 1994 559 2067 labes
585 1996 853 2094 olimugraviter
886 1999 1087 2094 vexaverit,
1115 1999 1176 2071 vel

210 2122 250 2189 in
282 2117 413 2218 quibus
451 2113 569 2187 lentos
606 2141 813 2215 progressus
850 2117 997 2215 fecerit,
1032 2117 1177 2190 balneis

211 2241 418 2337 frequenter
438 2236 611 2308 institutis
630 2235 816 2308 sollicitius
835 2236 944 2308 luisse
962 2239 1053 2310 cutis
1070 2265 1177 2312 mun-

211 2359 312 2431 ditiei
338 2345 545 2457 provisum3
571 2357 706 2455 refugia
727 2355 866 2428 liberali
888 2359 1006 2428 manu'
1025 2383 1108 2430 eum
1132 2360 1176 2432 in
1234 2447 1239 2452 ¹

85 2539 92 2550 .
124 2485 129 2489 ’
210 2481 321 2549 finem
346 2492 550 2574 exstructa,
583 2491 646 2564 ut,
672 2478 797 2576 peritis
822 2478 908 2550 viris
935 2479 1176 2551 ministranti-

210 2599 289 2685 bus,
306 2596 439 2696 leprosi
453 2596 618 2668 homines
635 2610 782 2694 possent
799 2597 1034 2669 necessariam
1050 2624 1176 2671 curam

212 2732 249 2788 et
274 2742 381 2816 opem
406 2717 556 2814 habere,
583 2719 788 2790 restauratis
814 2716 926 2788 literis
944 2719 1094 2816 spissam
1112 2745 1185 2790 new

210 2837 334 2910 bulam
360 2837 513 2908 subinde
541 2836 738 2935 dispulsam
765 2838 872 2910 luisse
889 2837 1174 2911 humanitatem-

161 3049 164 3056 ,
211 2981 280 3056 que
304 2958 345 3036 iu
371 2957 448 3028 dies
473 2956 580 3036 latius
602 2983 780 3055 sparsam,
802 2956 994 3056 pluresque
1012 2957 1175 3031 medicos
1201 2991 1203 2998 ’

210 3076 404 3176 prodiisse,
433 3079 513 3178 qui,
538 3076 666 3150 melius
683 3079 856 3163 instituti,
882 3075 1039 3174 lepram,
1065 3079 1175 3149 sicuti

212 3196 301 3269 alius
327 3196 491 3295 morbos,
518 3222 594 3270 non
620 3197 738 3270 solum
759 3199 877 3270 verius
894 3196 1091 3292 illustrare,
1108 3198 1175 3270 sed

212 3317 322 3387 etiarn
348 3321 462 3390 tutius
488 3343 611 3390 sanare
638 3318 793 3415 scirent,
819 3315 999 3388 salubrem
1025 3314 1175 3387 demum

212 3447 249 3540 et
274 3434 468 3533 aliquando
493 3420 670 3510 mutatam
695 3436 841 3510 vivendi
863 3436 1050 3507 rationem.
1070 3437 1175 3524 Quae

117 3579 119 3583 ’
211 3578 297 3626 vero
324 3559 445 3628 omnia
470 3559 509 3629 in
534 3557 722 3658 peninsula
757 3571 880 3636 nostra
916 3555 1022 3654 longe
1057 3555 1172 3628 aliter.

213 3674 339 3772 Magna
357 3681 489 3768 etenim
504 3692 558 3752 est
572 3678 797 3753 medicorum
810 3680 972 3779 penuria,
991 3689 1173 3750 exstructa
1194 3779 1201 3790 ι
