2612 4474
1037 315 1111 394 225

74 439 82 494 t
163 427 358 536 deeciipsit
377 431 451 527 ’(ι).
477 427 704 508 Eetulcera
732 433 993 511 etiam‘lauces
1019 438 1155 538 plico--

163 555 535 666 sorum'occupautia
560 552 734 632 hocloco
754 581 1039 656 commemorare
1055 585 1138 662 pos·

161 678 262 776 sim,
298 689 423 751 tamon
435 731 446 776 ‚
487 702 602 779 qraum
646 701 794 777 aegmm
825 679 871 752 iis
909 676 1139 758 laborantem
1222 774 1228 788 Ι

161 799 321 876 strictim
346 811 490 874 tantum
520 799 801 901 conspexerim·,‘
825 799 983 903 ideoque
1016 827 1064 876 an
1097 802 1139 876 in

162 946 210 996 eo
235 917 438 1024 syphilitici
459 919 554 1022 „apaid
578 919 855 998 simulaffuerit
878 947 949 996 nec
975 947 1040 1012 ne,
1067 950 1139 1024 pro

164 1057 268 1118 certo
294 1042 353 1116 affi
500 1067 578 1120 non
610 1043 752 1152 ausim,
780 1045 1009 1124 mentionem
1040 1044 1138 1120 hanc
1205 1061 1208 1067 ’

163 1163 313 1241 silentio
329 1068 534 1362 &aas
558 1163 685 1240 malui.
780 1175 781 1180 ’

175 1351 180 1360 .
248 1287 329 1362 Tac
432 1275 569 1388 pariter
590 1300 713 1400 atque
728 1285 820 1364 alios
845 1313 972 1364 sensus
997 1291 1038 1366 in
1063 1290 1136 1391 pli-

166 1409 262 1486 oosis
293 1407 408 1510 laedi,
434 1423 510 1484 tam
535 1433 580 1486 ex
605 1393 761 1484 aliorum
787 1435 898 1512 quam
923 1436 968 1486 cx
1001 1414 1137 1486 nostris

163 1463 480 1609 observationibus
511 1544 666 1608 constat
679 1529 815 1606 Vidit
852 1555 987 1632 nempe
1017 1531 1137 1606 Cano·

163 1677 251 1727 rarus
267 1667 409 1753 partem
435 1651 644 1756 capillatam
661 1653 790 1754 capitis
805 1655 848 1728 in
871 1652 1015 1754 plicoso
1032 1656 1137 1728 omni

164 1765 273 1848 sensu
299 1772 510 1850 destitutam
533 1775 595 1874 (a).
621 1773 666 1846 In
695 1773 797 1848 Actis
823 1774 975 1850 Clinicis
1001 1776 1136 1851 nostris
1218 1831 1221 1839 .

50 1991 61 2001 ,
162 1921 318 1998 sequens
343 1910 531 1971 enarratur
556 1921 676 1972 casus:
710 1925 728 1962 a
754 1895 922 1997 Triginta
948 1923 1136 1972 annorum

66 2110 71 2121 Ι
165 2019 319 2118 femina,
338 2015 434 2119 plica
458 2017 629 2095 laborans
646 2015 820 2110 disserta
843 2015 1015 2094 Octobris
1039 2021 1136 2094 1810

165 2139 216 2216 ad
249 2137 431 2216 Clinicum
464 2137 649 2216 Medicum
688 2142 880 2242 suscepta,
911 2142 952 2214 in
985 2139 1137 2241 publico

164 2263 330 2340 maraine
363 2269 486 2338 cutem
517 2264 789 2339 extremitatum
827 2264 1057 2365 superiorum
1090 2261 1137 2336 ab

164 2385 329 2488 apicibus
355 2383 553 2484 digitorum
576 2383 626 2460 ad
650 2381 818 2465 cubitum
847 2409 981 2486 usque,
1007 2409 1050 2458 ac
1084 2385 1138 2455 in·

150 2507 340 2582 'seriorum
365 2505 411 2580 ab
438 2508 549 2612 apice
567 2505 765 2606 digitorum
786 2504 835 2579 ad
856 2528 976 2604 genua
1001 2530 1135 2632 usque}

166 2605 316 2707 absente
342 2629 444 2704 omni
468 2626 677 2729 paralyseos
702 2605 929 2728 suspicione,
961 2623 1089 2698 adeo
1079 2649 1136 2698 ιιι-

162 2735 334 2830 sensilem
358 2747 544 2864 exhibuit,
568 2760 611 2824 ut
634 2761 703 2822 nec
738 2769 872 2822 acuum
897 2753 1134 2847 pulsaturam,

164 2897 234 2967 nec
262 2884 408 2950 aestum
441 2893 556 2972 aquae
590 2867 751 2946 fervidae
785 2865 1013 2971 persentiret.
1046 2865 1132 2968 Ipsa
1244 2895 1248 2903 ·

164 3017 232 3096 per
247 2993 315 3088 tria
332 2990 444 3068 horae
468 2973 655 3068 momenta
675 2988 834 3067 acidum
848 2989 1031 3064 nitrosum
1048 3009 1134 3058 con·

166 3127 371 3206 ccntratum
403 3115 481 3188 sine
510 3115 614 3190 omni
646 3110 773 3190 dolore
805 3110 849 3184 in
874 3132 1006 3182 manus
1040 3127 1133 3180 cavo

165 3233 315 3312 tenebat
340 3234 428 3332 (3)·”
450 3233 659 3340 Aliquando
686 3257 772 3312 vero
799 3229 893 3308 cutis
917 3222 1136 3310 sensibilitas

483 3491 827 3524 w

169 3697 210 3760 (ι)
226 3690 351 3748 ntum·
343 3707 431 3761 inaug.
448 3643 616 3760 Cbimrgico·
617 3684 779 3762 practicade
789 3637 920 3758 bissinis,
937 3679 1035 3736 Vilnae'
1050 3679 1123 3734 atae.
1241 3663 1244 3668 ’

167 3789 210 3940 li}
226 3784 296 3926 lob
308 3781 401 3940 illibi
418 3865 460 3922 δι
482 3863 554 3920 1812.
568 3817 700 3938 'Lipsiae
695 3861 788 3936 editis,
806 3857 987 3920 auctorales
1005 3855 1100 3914 Fusa.
1189 3909 1193 3914 ,

294 3977 319 4034 1.
337 3974 544 4034 Faunis-Vol.
562 3975 595 4031 ll.
954 3968 1006 4022 aa*
