2626 4470
990 218 1058 296 135

118 334 313 438 valdopere
339 333 568 434 tendentem,
594 335 752 436 exaugit3
777 332 923 437 sanguis
949 341 978 412 si
1001 333 1118 416 mit-⁸

118 457 233 553 titur,
264 468 327 528 aut
352 467 483 555 sponte
509 468 725 555 promanat,
749 455 977 557 dissolutus,
1008 473 1088 536 ater

78 661 80 668 y
118 590 282 673 notatur,
296 573 464 648 musculi
489 599 595 675 saepe
615 577 819 676 rigescunt,
835 579 890 652 ita
902 592 948 657 ut¹
964 578 1088 658 Cram-

118 723 204 799 pus,
229 701 365 798 spasmi
391 698 527 796 Cinici,
554 698 858 799 opisthotonuse.
875 727 901 804 s.
920 729 1087 803 superve-

118 822 230 924 niant.
257 820 365 892 Pueri
381 813 547 918 agiliores
565 821 675 920 fiunt,
694 835 734 896 et
746 832 869 898 motus
885 824 1086 900 vivaciores

119 943 325 1016 instituunt.
426 1027 430 1040 ἡ
559 925 565 942 ”
926 1011 931 1020 ,
1014 1029 1019 1039 ,

193 1062 262 1136 Hic
289 1087 366 1137 non
397 1087 480 1137 raro
514 1062 678 1161 gingivae
710 1077 879 1165 tument,
911 1065 1086 1166 fungosae

118 1180 298 1283 evadunt,
324 1175 438 1256 facile'
455 1186 668 1280 sanguinem
695 1177 873 1284 fundunt,
888 1185 1016 1261 dentes
1032 1189 1087 1262 ni·

117 1318 306 1404 gresount,
324 1303 463 1404 lingua,
481 1285 595 1403 labia,
612 1303 750 1380 buccae
768 1295 1013 1408 aphthis'tum
1031 1311 1086 1383 ni·

116 1428 324 1526 gris,·tum
353 1425 524 1526 rubellis,
556 1451 665 1528 saepe
698 1428 739 1500 in
772 1427 895 1502 ulcera
925 1428 1085 1528 maligna

117 1544 388 1622 transeuntibus
421 1562 674 1648 occupantur,
701 1549 828 1624 anima
860 1549 997 1650 foetet,
1028 1575 1084 1624 ec·

115 1667 314 1768 chyrnoses
336 1692 358 1740 a
383 1669 559 1767 sangiune
587 1667 655 1742 sub
687 1684 771 1743 cute
796 1669 911 1744 effuso
923 1725 934 1768 ,
960 1670 1084 1754 colore

115 1814 248 1888 roseo,
271 1773 407 1890 rubro,
440 1804 520 1864 atro
532 1845 543 1889 ,
575 1803 641 1864 aut
669 1803 707 1864 et
737 1789 852 1872 livido
885 1790 1085 1894 aliquando
1142 1837 1145 1844 =

114 1913 371 2011 inveniuntur,
396 1912 627 2011 potissimum
652 1911 701 1985 ad
721 1909 871 1988 dorsum
887 1938 1084 2014 manuum,
1163 1937 1172 1944 ·

113 2032 356 2132 posteriorem
381 2032 497 2106 cubiti
528 2045 670 2133 partem
684 2087 695 2134 ,
709 2117 712 2124 ,
727 2047 765 2108 et
796 2032 845 2109 ad
871 2035 1002 2108 faciem
1026 2037 1085 2136 ip·

113 2175 218 2252 sam,
243 2149 346 2228 alvus
370 2135 615 2227 communiter
648 2152 881 2256 diarrhoica,
910 2179 1084 2230 nonnun-

112 2272 386 2375 quamohstipa
402 2273 771 2364 flatnlentia-miseros
788 2265 1085 2376 vexans5'urina'e

113 2393 301 2493 turbidae,
327 2394 468 2493 fuscae,
493 2394 739 2484 redimentem
757 2422 921 2495 roseum,
947 2396 1086 2498 aliquo·

113 2519 183 2590 ties
201 2515 326 2590 album
343 2516 583 2617 deponentes,
599 2529 638 2592 et
651 2518 819 2595 levamen
836 2519 1085 2592 transitorium

112 2637 316 2711 afferentes.
343 2639 447 2729 Quae
480 2640 629 2738 omnia,
661 2637 722 2715 vel
752 2663 774 2713 a
806 2637 985 2739 peculiari
1011 2643 1086 2739 jam

110 2758 313 2833 humorum
338 2758 527 2860 disorasia,
552 2759 611 2836 vel
636 2759 760 2834 forsan
781 2759 827 2834 ab
844 2750 1086 2835 associatione

110 2879 286 2956 Scorbuti
310 2881 509 2981 repetenda
542 2905 620 2976 esee
652 2882 908 2988 existimarem.
932 2881 990 2954 En
1015 2894 1086 2956 ter-

110 3006 205 3076 a‘um
230 3001 439 3078 ubsoluucm
461 3003 630 3078 sudum.

164 3121 332 3230 Morbus,
358 3123 512 3207 diversa,
525 3125 668 3199 ratione
692 3126 767 3227 jam
791 3119 1012 3198 labefactata
1029 3145 1084 3196 ou·

107 3244 297 3347 genioruo,
322 3243 384 3319 hic
409 3241 562 3318 minime
587 3246 798 3346 quiescens,
821 3241 917 3319 ultra
941 3267 1086 3344 pregre·

106 3365 231 3465 ditur,
256 3390 299 3439 ac
319 3379 480 3468 systema
497 3366 594 3440 inter
610 3367 777 3449 omnium
796 3363 1084 3462 nobilissimum,
1150 3444 1156 3449 ,

106 3509 310 3563 nervosum
334 3494 468 3589 n‘enape
497 3487 611 3588 magis
636 3511 680 3564 ac
705 3499 814 3562 antea
838 3479 1003 3586 invadit,
1029 3486 1086 3560 vi·

105 3607 213 3682 ribus
233 3614 317 3712 jam
349 3607 545 3712 valdopere
576 3607 769 3710 collapsis,
806 3608 859 3682 ita
890 3612 932 3683 u't
963 3604 1085 3678 miseri

103 3754 181 3806 nac
207 3730 364 3834 pedibus
394 3731 549 3836 amplius
581 3729 747 3812 insistere
772 3727 930 3812 valeant.
954 3723 1087 3804 Pulsus
1135 3836 1139 3846 Ι
