2628 4476
151 319 338 396 rarissime
362 313 412 392 ad
443 339 523 390 osso
555 312 716 388 subiecta
749 327 944 416 penetrent
975 316 1126 412 eedem,

153 465 278 542 neque
304 441 467 540 nntium
492 449 578 514 sunt
603 434 761 522 escharis
785 433 915 512 obsita.
937 437 1126 518 innostro

153 578 282 640 autem
297 562 428 642 morbo
444 560 565 654 ulcera
582 558 762 636 ambitum
778 556 918 635 hebent
934 559 1125 663 callosum,

154 685 311 784 durum,
348 682 579 786 inaequalem
614 692 651 754 et
682 679 885 782 tumidum,
918 685 1125 785 saepissime

155 796 291 888 crustis
316 808 438 884 densis
445 863 457 907 ,
481 805 685 908 squamosis
707 810 755 899 (1)
778 804 1017 906 obteguntur,
1042 833 1128 908 pro·

155 932 347 1034 fundequs
372 931 553 1034 serpentia
579 930 700 1038 ricino
726 926 875 1006 demum
901 953 983 1006 osso
1008 953 1128 1030 aggre-

153 1053 323 1132 diuntur.
826 1035 831 1046 ’

238 1177 270 1250 A
294 1173 468 1251 soorbuto
494 1199 605 1276 quam
631 1171 774 1250 differet
802 1174 952 1250 morbus
969 1188 1127 1272 noster,

157 1297 328 1402 pluribus
352 1312 394 1372 ut
418 1296 727 1397 demonstremus,
751 1297 811 1374 rix
837 1321 929 1400 opus
955 1323 1032 1372 esse
1054 1322 1129 1370 ere·

153 1419 301 1518 dimus3
326 1431 548 1521 quapropter
576 1415 738 1492 uberiori
766 1415 875 1494 huius
900 1420 954 1492 rei
987 1421 1129 1519 exposi-

157 1543 264 1626 tione
287 1539 561 1642 supersedentes
578 1537 626 1613 ed
642 1539 753 1647 aliam
769 1553 992 1617 transeamus
1008 1563 1129 1640 neque

155 1661 365 1738 hodiedum
390 1661 436 1736 de
462 1660 595 1738 eodem
615 1662 738 1736 minus
760 1662 932 1760 agitatam
949 1649 1130 1763 qiraesiio·

157 1808 266 1881 nem,
290 1797 414 1858 utrum
439 1806 506 1884 pro
532 1779 710 1882 syphilide
736 1785 785 1858 sit
810 1780 1011 1856 habendus.

240 1904 410 1980 Eundem
419 1919 497 1978 esse
512 1928 590 1980 non
607 1905 679 1978 nisi
696 1929 883 1994 venerem
900 1929 1027 1978 omues
1043 1904 1132 1978 Nor-

158 2030 287 2132 vegiae
311 2025 463 2126 medici,
488 2026 553 2127 qui
578 2023 625 2100 de
651 2049 696 2100 eo
730 2024 1013 2130 monographias
1051 2026 1132 2100 reli-

161 2163 340 2253 querunt,
364 2147 452 2223 inde
483 2173 504 2220 a
537 2148 714 2227 Grsnnsrn
746 2148 971 2246 refutarunt5
1003 2174 1133 2222 verum

159 2297 278 2376 quum
303 2295 380 2347 non
403 2263 547 2347 nomen'
564 2267 701 2370 solum,
727 2268 830 2372 quod
846 2268 905 2346 vel
923 2269 969 2344 ab
987 2269 1135 2345 hodier-

151 2396 222 2470 'nis
256 2393 402 2468 Sreeiae
434 2391 589 2468 medicis
625 2391 757 2468 morbo
792 2393 1021 2496 imponitur,
1063 2390 1129 2464 sed

159 2521 265 2619 ipses
291 2514 401 2589 eriam
427 2537 561 2589 eorum
580 2512 857 2614 argumentandi
874 2514 1034 2588 rationes
1049 2511 1138 2584 satis

158 2661 342 2740 superque
359 2649 554 2737 testentur,
570 2636 670 2712 hune
689 2659 850 2712 errorem
865 2633 1035 2711 nondum
1052 2655 1129 2706 esse

160 2761 310 2862 penitus
335 2755 537 2857 sublatum,
562 2756 661 2833 hane
691 2783 771 2831 rem
802 2755 962 2831 breviter
994 2754 1132 2854 disqui-

133 2905 242 2988 rere
268 2880 330 2956 vix
359 2865 500 2974 inutilis
533 2882 602 2956 en't
633 2879 750 2956 labor.
781 2875 953 2953 Morbum
985 2876 1135 2952 Sveeiae

83 3499 88 3506 ·
167 3489 207 3552 (r)
217 3479 409 3550 Norregiaoam
420 3482 615 3536 veronostram
625 3479 735 3533 formam
747 3479 778 3534 iis
790 3495 882 3534 carere
899 3479 1014 3552 smpiiss.
1032 3479 1125 3532 Serer-

225 3587 273 3623 osr.
294 3569 397 3634 (instit.
419 3569 514 3624 medie.
539 3567 571 3622 Τ.
592 3567 772 3622 IV.'Amstel.
795 3569 867 3636 1814.
889 3567 1128 3640 p.·714),nssoio

215 3659 280 3728 ''qua
296 3660 455 3712 auctoritate
472 3661 567 3726 nixus,
584 3657 737 3723 contendit3
756 3655 784 3710 id
802 3655 888 3728 quod,
905 3654 1071 3727 experientis
1086 3661 1127 3706 te-

227 3755 281 3818 ste,
298 3763 355 3804 non
370 3747 425 3805 nisi
440 3745 581 3804 soorbutus
599 3747 756 3818 secesserit,
765 3743 884 3812 ,obruet
