2612 4474
981 317 1052 396 231

105 437 383 540 murbillcs'que'
411 436 568 516 feliciter
602 445 850 540 superauerat
879 437 1010 540 'Primo
1042 455 1082 517 et

108 564 284 672 'vigesimo
312 563 440 638 aetatis
466 583 554 636 suae
579 587 683 637 annu
710 587 826 664 quum
851 563 932 638 viro
964 577 1082 665 nupta

108 685 263 775 tumet:
277 698 464 760 menstrua
490 686 652 786 primum
676 667 964 788 prumpuemrit,
981 683 1082 762 detn-
1188 711 1197 734 s

108 833 194 908 ceps
232 806 383 908 quidem
418 831 610 909 nunqnam
639 806 834 909 regularia,
866 807 936 882 sed
967 807 1081 888 modu

105 928 305 1005 accelerata
327 927 442 1022 mutio
468 928 661 1004 retardata.
687 930 804 1005 thur
820 928 972 1004 demum
989 929 1081 1006 duo·

108 1077 192 1128 rum
214 1050 415 1126 liberorum
440 1050 557 1150 sactu,
580 1049 743 1126 secunda
766 1073 913 1153 semper
944 1050 1081 1128 valetu-

107 1174 196 1249 dine
222 1173 442 1272 fruentium,
464 1174 581 1250 vitam
606 1171 714 1272 longa
738 1171 954 1250 morborum
989 1175 1081 1250 seria

109 1295 292 1372 turbatam
317 1279 497 1370 trahebat
521 1295 653 1370 Decies
673 1296 772 1369 enim
786 1293 886 1370 febre
895 1298 1083 1380 intermit-

109 1421 210 1493 teate
232 1409 464 1516 tentabatur,
483 1429 524 1491 et
535 1441 605 1518 per
620 1429 742 1492 totum
759 1415 981 1492 decennium
998 1441 1083 1520 ceu·

107 1543 230 1618 lurum
246 1539 377 1616 morbo
392 1539 593 1614 laborabat
610 1539 724 1615 Saeva
739 1539 1080 1641 insuper'cephalca

108 1664 446 1763 formicationisque
464 1683 592 1746 sensus
616 1655 714 1735 inter
738 1675 861 1736 cutem
877 1649 1009 1739 crebro
1027 1689 1083 1740 re·

112 1785 254 1861 (libant
279 1782 438 1870 Evoluta
463 1781 576 1886 plica,
601 1785 769 1858 omnium
790 1783 976 1860 malorum
1008 1809 1084 1860 sae·

107 1907 216 1983 vities
241 1907 406 1982 cesserit.
429 1905 505 1980 Sed
526 1901 645 2007 ¹qn'uur
669 1903 854 2004 refigionis
878 1929 965 1980 suae
981 1929 1081 2007 prac-

110 2029 227 2130 ceptis
252 2027 447 2127 obediens,
473 2039 594 2102 totum
622 2023 838 2128 capillitium
863 2026 934 2102 sibi
959 2025 1082 2108 abstu-

53 2217 54 2220 ,
108 2149 228 2249 iisset,
255 2151 355 2252 omni
380 2149 611 2238 cruciatuum
636 2147 759 2250 generi
784 2147 887 2224 haud
909 2173 1014 2223 secus
1037 2171 1082 2231 ec

110 2277 143 2348 si
165 2271 237 2346 sub
261 2270 393 2348 iariiia
427 2269 671 2376 delituissent,
701 2271 848 2380 iterum,
867 2269 1083 2346 renovando

109 2397 171 2470 via
196 2393 380 2497 patefacta
410 2407 477 2468 est.
504 2391 638 2468 nnus
675 2378 810 2466 deinde
833 2389 978 2496 exactis
1011 2407 1089 2496 unq
1162 2451 1170 2460 .

110 2517 170 2590 nis
182 2569 194 2615 ‚
220 2517 436 2592 ¹catameniu
469 2516 546 2591 iarn
567 2511 740 2616 =amplius
778 2511 858 2586 non
889 2510 1083 2588 fluxerunt

108 2640 219 2712 Anno
248 2661 336 2714 veru
375 2639 491 2737 1812,
520 2635 618 2712 bello
647 2648 861 2734 gustuum,
900 2617 1110 2734 aerumnia'

40 2757 44 2763 ’
110 2753 383 2864 terroribusque
408 2753 578 2857 iactata,
610 2743 751 2833 viribus
783 2757 918 2830 senum
944 2755 1085 2856 tracta,

110 2881 264 2958 tandem
290 2907 383 2982 genu
409 2881 550 2974 deuteri
574 2881 756 2966 acerrimo
773 2876 912 2978 dolore,
925 2877 994 2954 ‘vel
1018 2878 1086 2952 mi·

110 3004 212 3078 nima
237 3007 330 3078 atris
354 3003 622 3104 vicissitudine,
652 2999 950 3091 recrudescente,
982 3021 1087 3075 vexa·

110 3126 302 3226 ricoepit.
330 3125 470 3200 Oborto
496 3127 570 3200 iam
602 3121 713 3198 tibiae
752 3120 879 3197 dolore
917 3119 1087 3224 illiusque

111 3249 392 3324 intumescentia
408 3249 522 3347 magis
539 3247 726 3346 magisque
742 3257 865 3344 aucta,
878 3244 1087 3318 extremitas

110 3369 204 3444 haec
229 3383 305 3446 tam
328 3369 505 3444 difformis
528 3367 673 3443 reddita
699 3379 772 3458 est,
802 3379 846 3440 ut
880 3364 1086 3466 elephantis

111 3491 235 3592 potius
260 3501 371 3592 quam
396 3488 557 3564 hominis
583 3486 716 3593 pedem
741 3487 903 3562 referret.
929 3483 1084 3562 Phalan-

110 3637 173 3711 ges
194 3613 293 3686 enim
310 3612 509 3712 digitorum
527 3623 672 3684 tantum
688 3608 947 3708 imminebant,
965 3603 984 3680 a
1003 3606 1088 3682 dor·

56 3759 63 3766 ·
111 3759 154 3810 so
181 3757 268 3810 vero
294 3735 399 3835 pedis
425 3733 473 3808 ad
498 3758 593 3836 genu
618 3758 733 3836 usque
765 3730 937 3808 columna
968 3729 1088 3806 livore

112 3855 229 3929 tincta
236 3909 248 3957 ,
274 3855 473 3932 tuberculis
498 3855 621 3934 variae
645 3851 910 3955 magnitudinis
938 3849 1087 3942 obsessa
