2626 4470
1004 251 1045 298 10

136 338 285 474 quidem
310 353 396 427 sunt
415 337 600 438 aliquot
592 365 631 412 rn
662 341 752 414 locis
776 341 1002 443 leprosorum
1029 252 1095 418 ni)

133 461 320 556 secontia,
357 485 484 532 verum
521 485 638 560 neque
675 461 842 536 omnibus
875 467 1096 564 excipiendis

133 583 289 678 aegrotis
315 578 659 700 sufficiunt,1reque
684 584 770 655 satis
796 579 876 683 apte
895 601 979 688 sunt
996 587 1094 658 insti-

132 716 223 774 tuta.
250 700 438 772 Accedunt
462 701 611 800 insuper
634 727 796 776 summus
822 703 954 802 egenae
980 701 1098 806 plebis

130 820 282 918 squalor
305 819 524 919 sordesque,
561 847 628 894 nec
668 833 746 896 non'
781 850 893 925 prava
925 840 963 898 et
988 826 1096 898 saluti
1131 879 1144 889 κ

131 944 348 1040 neutiquam
388 957 631 1016 consentanea
664 946 782 1018 victus
815 949 918 1019 ratio.
954 947 1095 1036 Quibus

109 1065 232 1152 ,vitiis
258 1063 507 1163 erroribusque
529 1066 559 1136 si
576 1063 717 1156 fortiter
733 1065 931 1165 seduloque
949 1067 1096 1140 obsista-

131 1211 238 1280 mus,
265 1209 285 1254 e
310 1182 485 1280 Norvegia
511 1185 706 1284 Sveciaque
731 1177 839 1257 etiam
867 1185 1004 1284 lepram
1031 1188 1095 1259 eli-

89 1348 96 1360 =
131 1305 282 1403 quando
308 1295 497 1404 expulsum
520 1307 583 1404 iri,
609 1307 739 1379 merito
757 1316 899 1407 sperare
917 1308 1024 1380 nobis
1042 1311 1094 1386 vi·

131 1423 272 1496 demur.
443 1435 448 1447 '

207 1526 427 1642 Ubicunque
452 1543 549 1617 malo
572 1542 715 1616 cuidam
739 1544 1006 1618 occurrendum
1023 1561 1094 1644 est,

131 1690 220 1738 cum
235 1689 403 1762 praeseus
419 1663 555 1756 levare,
577 1678 655 1736 tum
672 1663 804 1736 sublati
821 1665 976 1738 reditum
996 1691 1097 1765 prae.

129 1798 272 1859 vertere
296 1787 467 1857 interesse
493 1783 609 1858 debet.
637 1783 674 1856 Si
690 1785 812 1884 itaque
828 1785 926 1886 lepra
945 1786 1095 1860 Scandi«

130 1906 261 1978 narica
283 1904 485 1978 cohibenda
508 1918 564 1977 est
582 1929 799 2004 prorsusque
816 1907 1095 2004 exstinguenda,

130 2039 209 2096 tam
234 2027 301 2122 iis,
327 2025 390 2123 qui
416 2050 500 2097 eam
529 2027 601 2123 jam
633 2027 843 2124 patiuntur,
883 2051 992 2125 quam
1025 2028 1094 2124 iis,

129 2147 197 2260 qui
220 2147 358 2242 integra
384 2144 504 2217 adhue
529 2146 697 2219 santitate
723 2129 876 2244 gaudere
903 2147 1091 2242 videntur,

129 2266 427 2365 prospiciendum
448 2280 512 2339 est.
539 2267 642 2358 Quae
673 2291 759 2341 vero
789 2282 941 2366 utraque
977 2291 1092 2363 cura,

130 2411 245 2484 quum
269 2385 398 2457 iisdem
430 2385 599 2461 remediis
631 2388 860 2486 perficiatur,
896 2386 1091 2485 specialem

129 2507 448 2604 pertractationem
486 2530 562 2578 non
599 2507 774 2605 requirit,
812 2531 939 2582 verum
977 2532 1091 2606 quum

131 2649 319 2723 aegrorum
344 2651 485 2724 semper
508 2628 671 2725 proxima
701 2651 777 2698 esse
811 2629 902 2698 ratio
922 2627 1090 2722 debeat,

131 2745 221 2850 quid
246 2748 341 2818 circa
367 2771 429 2817 eos
453 2771 625 2843 agamus,
650 2747 809 2846 primum
836 2746 1036 2821 videamus,

204 2865 247 2937 In
272 2865 448 2962 Norvegia
474 2866 672 2964 Svcciaque
704 2889 872 2960 magnam
905 2888 983 2934 esse
1011 2888 1093 2941 me«

129 2983 296 3060 uicorum
321 2987 558 3084 paucitatem,
584 3009 692 3058 nemo
719 2997 789 3079 est,
814 2985 878 3082 qui
899 2996 1014 3080 neget.
1042 2981 1089 3053 tt.

128 3104 203 3176 lam
228 3130 314 3178 vero
337 3106 381 3176 iis
405 3105 616 3204 praesertim
634 3129 771 3201 carere,
789 3127 975 3200 recensus,
991 3105 1088 3201 prio*

129 3205 283 3298 ri'anno
316 3249 336 3298 a
370 3249 511 3299 summo
544 3225 698 3325 imperio
736 3224 863 3305 editus
888 3229 958 3321 (r),
1002 3225 1090 3298 satis

462 3425 746 3448 m

129 3544 170 3606 (r)
189 3538 357 3606 Fodegneiie
374 3555 437 3592 over
455 3540 488 3592 de
505 3539 684 3592 autoriserede
700 3539 824 3608 Laeger'
817 3560 826 3591 ι
843 3541 946 3608 Norge,
964 3551 1081 3594 sumre
1048 3543 1085 3610 de

184 3629 194 3678 i
213 3625 330 3679 Embede
348 3634 449 3682 ansatte
468 3626 670 3683 remunerere
682 3626 969 3698 Betaillonschirurger.
984 3597 1082 3684 dhrist

189 3715 262 3770 ι8ι6
279 3713 305 3770 8
