2626 4470
254 221 324 300 132

222 340 347 422 collari
358 399 369 440 ,
396 340 548 418 inversis
572 335 748 443 manicis,
786 336 988 444 calceisque
1018 343 1188 425 detractis

219 464 448 570 procedunt,
474 461 634 563 collum,
666 463 853 566 jugulum,
886 478 1075 568 eternum,
1105 469 1188 544 bra-

221 589 326 686 chia,
363 584 502 688 pedum
539 583 722 687 tibiaeque
759 584 936 685 dorsum,
973 587 1186 691 hujusmodi

221 732 366 810 quoque
391 706 639 804 corripiuntur
663 707 756 778 cutis
782 703 1048 807 deturpatione.
1125 769 1127 772 .

296 823 422 901 Facies
447 849 521 898 una
534 880 545 925 ,
571 827 647 899 etsi
663 850 751 926 prae
776 828 905 899 ceteris
932 829 1048 929 atris',
1071 843 1109 902 et
1135 857 1190 920 so·

218 949 263 1024 lis
288 948 453 1024 obnoxia
470 947 518 1020 sit
543 948 703 1043 actioni,
728 945 944 1046 plerumque
969 962 1098 1028 tamen
1122 953 1187 1026 im·

96 1141 103 1156 ,
218 1069 340 1146 munis
366 1093 388 1140 a
413 1065 614 1166 pellagrosa
639 1065 811 1142 foeditate
836 1082 1010 1143 servatur.

295 1187 395 1261 Haec
421 1189 514 1262 cutis
541 1185 700 1262 adfectio
732 1197 816 1263 vere
841 1189 1024 1288 erumpit,
1050 1205 1186 1266 aestate

157 1377 160 1396 ,
215 1309 466 1405 imminuitur,
492 1320 668 1384 autumno
693 1309 754 1384 vix
779 1313 855 1409 ejus
877 1310 1063 1384 invenitur
1080 1305 1187 1387 ‘vesti-
1277 1357 1280 1366 ν

217 1431 340 1530 gium5
371 1430 561 1528 ingruente
594 1451 681 1503 vero
719 1427 854 1528 hyeme
886 1453 993 1530 saepe
1026 1429 1187 1532 disparet

216 1555 298 1648 ita,
317 1563 359 1622 ut
383 1548 529 1622 sanitati
554 1550 709 1622 omnino
727 1550 886 1624 restituti
902 1551 999 1649 aegri
1024 1549 1186 1624 habean-

216 1686 277 1745 tur
300 1672 369 1769 iis,
395 1671 458 1770 qui
485 1670 578 1742 cutis
610 1668 863 1744 conditionem
894 1670 1186 1772 contemplantes

102 1801 105 1806 '
217 1806 336 1867 cetera
361 1789 557 1888 negligunt.
575 1789 711 1864 Verum
718 1821 729 1889 ‚·
752 1790 869 1889 gelida
895 1805 1111 1892 tempestate
1138 1794 1185 1866 ad

215 1913 526 2010 immergente,
543 1910 677 1984 iterum
689 1900 850 1986 rediviva
867 1912 1035 2010 eamdem
1051 1911 1185 1986 ludens

216 2053 387 2127 scenam,
412 2033 467 2104 uti
492 2045 592 2105 anno
614 2055 823 2131 praegresso
848 2034 1091 2133 prommpit..

226 2209 234 2228 .
289 2147 392 2224 Talis
415 2164 471 2224 est
495 2152 700 2226 communis
734 2151 842 2253 hujus
875 2152 996 2226 morbi
1031 2152 1183 2258 desqua-

213 2260 386 2347 matiorlis
410 2271 649 2370 vicissitudo,
681 2297 792 2372 quam
818 2285 942 2345 tamen
966 2297 1013 2346 nc
1038 2299 1183 2375 semper

216 2391 350 2491 credas!
374 2393 428 2475 ita
461 2388 690 2468 constantem
702 2448 713 2492 2
751 2407 802 2467 ut·
816 2407 958 2467 mutata
981 2417 1059 2468 non
1084 2397 1183 2471 inve·

212 2515 361 2612 niatur3
390 2535 477 2587 nam
496 2526 695 2588 autumno·
717 2527 865 2614 renata,
898 2513 1080 2614 hyemem·
1105 2539 1185 2615 per·

214 2632 348 2732 durans
373 2633 635 2709 observabatur
660 2635 937 2736 nonnunquam.
954 2634 1030 2709 Nec
1047 2633 1182 2709 desunt

1293 405 1295 472 l

213 2752 377 2854 exempla
402 2753 707 2854 pellagrosorum,
732 2757 773 2827 in
799 2753 931 2854 quibus
956 2747 1058 2830 nulla
1085 2769 1184 2828 cuta-

213 2896 282 2946 nea
308 2859 467 2950 adlectio
492 2899 569 2948 sese
592 2875 776 2973 insinuat,
802 2888 839 2948 et
863 2873 936 2948 hoc
965 2877 1183 2975 praeprimis

211 2996 254 3066 in
277 2991 372 3092 illis,
399 2995 470 3095 qui·
486 2997 600 3068 vitam
625 2976 857 3068 umbratilem
882 2994 1032 3069 ducunt
1044 3027 1067 3092 ‚t
1092 2995 1183 3070 dum

214 3111 276 3188 alii
302 3127 429 3191 contra
446 3113 629 3214 Pellagrae
647 3127 1099 3216 symptomatumcaterva
1116 3116 1184 3188 mi·
1243 3184 1247 3193 .

212 3255 291 3306 sere
315 3250 493 3316 vexantur
517 3235 628 3334 adeo,
648 3249 690 3309 ut
714 3237 807 3310 cutis
835 3235 1045 3336 deturpatis
1072 3237 1181 3310 mini-

211 3368 273 3424 me
289 3370 496 3456 symptoma
512 3355 695 3458 Pellagrae
711 3356 1109 3458 pathognomonicum,
1125 3357 1181 3430 uti

184 3465 186 3470 ’
212 3469 363 3570 quidem
385 3476 492 3550 multi
509 3475 735 3576 habuerunt,
753 3501 835 3549 esse
846 3475 1030 3575 videatur,
1050 3489 1179 3576 utpote

211 3617 318 3695 saepe
343 3593 524 3670 deficiens.
552 3595 624 3672 Sed
648 3613 690 3672 ut
716 3597 830 3672 hoece
863 3611 1040 3679 assertum
1065 3598 1179 3694 magis

178 3733 195 3766 ‘⁴
212 3717 510 3822 comprobemus,
543 3743 695 3795 examen
727 3716 915 3796 relationis
949 3719 1047 3794 inter
1082 3717 1177 3792 cutis
