2626 4470
968 313 1030 360 101

110 407 268 482 remediis
292 407 479 508 inquilinis
505 407 577 504 agit
593 408 659 503 (ι),
685 405 795 500 ullam
814 406 902 480 lacit
919 404 1059 504 leprae,

114 543 170 600 aut
182 553 411 628 squamosas,
424 515 487 600 aut
499 526 677 623 nodosae,
693 528 930 598 mentionem.
941 526 1061 626 Atque

110 649 233 724 nostris
247 647 484 748 'temporibus
508 648 554 720 iis
577 644 697 720 solum
721 647 761 717 in
786 646 925 718 Doniae
946 647 1061 742 regio·

108 765 208 850 nibus
233 767 333 868 lepra
358 781 554 868 grassatur,
580 789 672 870 quae
698 761 778 842 atre
810 768 932 840 minus
964 766 1060 839 salu-

108 883 160 960 bri
184 888 354 962 fruuntur
377 887 597 987 vivendique
622 912 749 985 genere
766 887 912 961 sanitati
928 886 1062 961 nocivo

108 1021 261 1082 utuntur.
301 1010 360 1082 En
393 1033 556 1107 causam,
588 1034 653 1082 cur
684 1009 955 1083 Ditmaru'enser
988 1009 1060 1099 (2),

107 1128 306 1204 Morsianos
336 1128 666 1236 Thyensesquess)
692 1127 813 1202 adhuc
839 1143 953 1206 vexet.

173 1247 300 1349 Neque
324 1251 485 1326 insulani
507 1251 764 1340 Faeroeemes,
795 1275 885 1348 quos
917 1233 1060 1322 Durnsu

107 1380 264 1469 tempore
299 1369 408 1442 fuisse
441 1367 584 1468 leproso
620 1367 751 1442 morbo
787 1371 940 1466 graviter
973 1369 1062 1442 affli-

111 1501 185 1562 ctos
211 1515 320 1588 supra
347 1490 396 1582 (4)
422 1491 650 1585 monuimus,
678 1486 893 1588 popularem
917 1487 1064 1560 calami·

105 1619 211 1680 tatem
240 1608 329 1680 lenti
357 1607 607 1707 adspexerunt.
632 1607 796 1708 Namque
819 1609 893 1678 iam
918 1606 1064 1680 saeculo

103 1727 202 1826 xvi,
229 1728 351 1802 forsan
377 1741 499 1826 antea,
516 1728 724 1826 obtinuere,
745 1741 786 1800 ut
800 1751 915 1826 prope
933 1725 1061 1799 urbem

109 1847 324 1923 Thorshacn
360 1848 578 1948 pauperibus
618 1847 770 1948 leprosis
806 1849 1060 1920 nosocomium

105 1980 356 2062 exstrueretur,
392 1966 510 2066 quod,
542 1967 723 2068 principio
756 1968 842 2042 satis
876 1965 1060 2068 amplum3

103 2084 147 2162 ob
173 2086 282 2159 latius
308 2086 393 2159 dein
419 2101 626 2186 serpentem
649 2087 819 2162 morbum
844 2101 969 2189 postea
999 2087 1059 2162 di·

101 2202 252 2278 letatum
276 2206 347 2278 fuit
372 2205 430 2299 (5).
456 2207 699 2283 Piscationem
731 2233 798 2308 per
830 2207 977 2283 ultimos
1012 2205 1060 2280 50
1099 2225 1103 2233 ·

102 2347 213 2402 annos
240 2350 317 2402 non
342 2340 418 2400 tam
449 2326 594 2402 felicem
625 2328 751 2428 fuisse,
786 2353 894 2428 quam
928 2341 1057 2416 autea,

412 2548 746 2576 *m*

103 2662 140 2726 (ι)
156 2660 255 2716 Medio.
271 2660 369 2712 Danor.
388 2660 497 2713 domest.
515 2659 578 2713 din.
596 2658 643 2714 tv.
659 2677 688 2730 p.
704 2678 809 2732 97·¹77·

103 2750 141 2815 (r)
155 2747 192 2820 V.
208 2747 375 2801 celeberrimi
395 2749 524 2801 Brmursn
546 2748 651 2818 saepius
676 2749 784 2802 citatam
805 2749 1053 2802 commentationem

156 2835 232 2888 «Om
255 2835 307 2888 den
330 2835 503 2888 Ditmorsisle
524 2835 627 2904 Sygen.
650 2834 682 2886 ln
696 2821 771 2888 'nint
794 2835 812 2886 f.
835 2836 941 2902 Laeger.
965 2835 982 2902 4
1004 2835 1052 2888 Bt.

156 2923 264 2976 llbhvn.
286 2924 356 2974 1813.
375 2940 400 2992 p.
422 2924 491 2986 ι-α6.ι
772 2973 774 2976 .

104 3008 140 3076 (3)
157 3011 214 3064 llec
232 3011 265 3062 de
282 3028 311 3062 re
328 3018 382 3062 tam
400 3009 579 3080 experientius.
597 3009 714 3064 Raroum
731 3013 759 3068 in
777 3011 961 3064 dissertatione
973 3028 1052 3080 supra

156 3097 280 3166 laudata,
297 3115 376 3168 quem
393 3114 496 3150 annuae
513 3098 692 3166 medicorum,
709 3099 738 3150 iu
755 3099 842 3150 insula
864 3099 935 3150 Mons
956 3101 1051 3168 penin-

155 3187 268 3256 sulaque
285 3185 357 3238 Ture
374 3185 539 3254 degentium,
558 3184 592 3238 acl
610 3187 670 3255 lleg.
688 3185 771 3239 Sanit.
789 3186 856 3242 Call.
868 3185 945 3238 Hafn.
956 3187 1051 3238 missae

154 3271 380 3340 renuntiationes,
397 3289 509 3342 quarum
520 3271 680 3324 utendarum
697 3273 811 3340 benigna
828 3272 893 3324 mihi
905 3273 980 3343 copia
991 3272 1052 3340 suit,

152 3375 276 3412 necnon
293 3360 370 3411 effata
385 3360 517 3427 virorum,
534 3361 645 3412 istarum
661 3360 797 3429 regionum
814 3361 974 3432 peritorum,
990 3362 1049 3432 qui·
1106 3367 1108 3372 '

153 3444 267 3498 boscum
284 3463 316 3498 ea
333 3462 412 3515 super
429 3446 537 3503 materie
554 3446 620 3500 mihi
637 3465 725 3502 termo
741 3447 807 3518 suit,
825 3450 1004 3502 consentiunt.

101 3533 139 3598 (4)
156 3533 186 3586 Ρ.
204 3533 237 3586 56
254 3539 282 3584 et
299 3533 387 3602 7²73·
871 3602 874 3608 s

101 3620 139 3685 (5)
154 3619 271 3672 Faeroae
288 3626 316 3672 et
332 3619 433 3672 Faeroa
449 3627 565 3674 reserata
582 3628 633 3675 ete.
651 3617 684 3673 el
692 3623 757 3676 Luc.
768 3621 826 3676 Juc.
838 3623 929 3676 Deras.
942 3621 1047 3674 Kbhvn.

158 3707 230 3776 1673.
247 3724 274 3777 p.
293 3706 413 3774 283·er
431 3707 484 3761 Cir.
502 3709 603 3777 Foretg
619 3709 652 3760 til
670 3725 704 3762 eu
721 3709 811 3764 Beskr.
824 3725 888 3767 orer
899 3710 1050 3766 Faerterne

154 3792 183 3848 as
194 3793 221 3850 J.
238 3793 333 3850 Luuor.
350 3794 457 3854 Kbhvu.
478 3797 550 3851 1800.
567 3814 595 3866 p.
612 3795 700 3865 455-6.
