2628 4476
250 307 276 384 6

224 455 269 506 eo
294 410 478 528 versetur,
500 439 541 502 ut
559 427 656 503 riom
672 439 852 504 monstret
868 441 978 532 atque
994 431 1178 506 rationem
1188 486 1202 532 ‚
1305 469 1306 474 ,

225 577 297 654 qua
323 549 420 626 hanc
454 549 698 626 calamitatem
731 547 812 624 tolli
844 569 950 651 posse
983 575 1202 654 speremus,

224 673 413 774 utriusque
446 674 584 773 gentis,
616 670 786 747 Svecicae
815 695 893 748 non
925 673 1046 747 minus
1081 701 1201 776 quam

138 863 142 869 .
222 795 471 896 Norvcgicae,
506 795 679 870 interesse
717 793 872 868 videtur.
911 791 1048 868 Verum
1089 797 1200 870 enim
1304 797 1306 888 j

223 941 312 991 vero
347 929 390 992 ut
426 916 511 1018 apte
547 913 636 990 mali
673 915 897 1016 exstirpandi
931 915 1199 1018 evertendique

222 1037 402 1139 praesidia
428 1036 619 1137 eligamus,
646 1063 693 1110 ne
719 1037 808 1140 quid
834 1051 969 1112 temere
985 1037 1200 1114 inconside-

222 1173 372 1260 rateque
398 1183 545 1260 agemus
557 1213 568 1260 ‚
601 1158 717 1235 solida
742 1157 906 1260 ejusdem
931 1161 1093 1260 cognitio
1127 1183 1201 1234 an·
1304 1253 1306 1266 .

223 1280 395 1379 tecedat,
425 1293 581 1384 oportet.
617 1281 686 1356 Est
720 1293 844 1354 tamen
881 1279 963 1354 talis
998 1279 1202 1381 explicatio

222 1427 413 1504 nunquam
438 1403 551 1503 magis
576 1395 794 1500 necessaria,
821 1403 988 1504 quamsi
1013 1401 1072 1477 vel
1096 1404 1202 1478 inter

223 1549 286 1599 eos
310 1524 521 1626 scriptores,
546 1549 660 1626 penes
685 1547 777 1624 quos
802 1506 988 1598 verissima
1012 1531 1106 1597 ess'et
1129 1549 1201 1626 pe·

221 1643 329 1726 ricnli
354 1643 599 1747 exspectando
621 1645 775 1744 notitia,
801 1645 996 1720 manifeste
1022 1659 1200 1721 cernatur

224 1763 415 1864 confusio,
441 1789 534 1868 qnae
559 1789 637 1843 non
662 1765 762 1869 apud
785 1779 929 1868 exteros
960 1765 1103 1866 solum,
1127 1792 1199 1842 ve·
1304 1851 1306 1880 A

222 1913 305 1966 rum
331 1888 442 1960 etiem
468 1885 568 1988 apud
591 1901 770 1988 nostrates
787 1897 981 1988 'sucosam
997 1893 1200 1990 progenuit
1305 1911 1306 1948 ³

221 2007 354 2082 ideam.
380 2006 493 2099 Quod
518 2007 695 2110 quumde
716 2009 868 2084 exitiosa
885 2007 951 2084 ille
975 2007 1052 2108 lue,
1079 2035 1199 2112 quam
1305 2011 1306 2018 ’

221 2129 409 2204 Rtorsrou
442 2143 605 2227 vocent,
633 2131 797 2232 apprime
829 2125 1091 2232 veleat,·quid
1122 2131 1197 2211 sub

223 2249 469 2350 credemusne
500 2249 724 2351 intelligatur
761 2263 825 2326 eut
853 2249 1006 2351 inteiligi
1038 2249 1196 2356 debeat,
1304 2315 1305 2330 ,

220 2373 325 2473 prius
354 2385 409 2446 est
441 2369 779 2446 demonstrandum.
805 2371 916 2448 Brute
946 2371 1103 2476 ideoque
1126 2373 1199 2450 Su·

222 2515 366 2567 errores
385 2504 509 2567 nostra
525 2479 729 2568 continebit
746 2485 1023 2594 commentatio,
1036 2519 1196 2596 quarum

220 2610 334 2687 altere
360 2614 610 2713 quaestionem
636 2610 682 2688 de
707 2613 827 2690 morbi
852 2609 982 2694 nature
997 2614 1118 2700 uelde
1132 2641 1195 2718 ge·

157 2788 161 2792 -
220 2757 326 2825 nere,
352 2757 426 2833 quo
451 2734 649 2834 pertineat,
675 2731 910 2810 dilucidabit:
932 2733 1112 2812 rationem
1130 2759 1194 2811 ve·

195 2953 200 2964 ι
219 2875 283 2952 ro,
308 2879 381 2955 qua
407 2855 446 2929 in
467 2867 722 2949 usumrocata
735 2858 917 2959 possimus
934 2855 980 2934 eh
996 2854 1068 2933 hec
1086 2871 1192 2962 peste
1302 2937 1303 2960 ι

124 3079 126 3084 Ι
219 2973 364 3054 liberari
376 3031 391 3079 ,
414 2975 526 3053 altera
550 2975 709 3056 breviter
734 2991 899 3082 exponet.
1018 3027 1022 3034 ‚
