<?xml version="1.0" encoding="UTF-8"?>
<!DOCTYPE html PUBLIC "-//W3C//DTD XHTML 1.0 Transitional//EN"
    "http://www.w3.org/TR/xhtml1/DTD/xhtml1-transitional.dtd">
<html xmlns="http://www.w3.org/1999/xhtml" xml:lang="en" lang="en">
 <head>
  <title>
</title>
<meta http-equiv="Content-Type" content="text/html;charset=utf-8" />
  <meta name='ocr-system' content='tesseract 3.04.00' />
  <meta name='ocr-capabilities' content='ocr_page ocr_carea ocr_par ocr_line ocrx_word'/>
</head>
<body>
  <div class='ocr_page' id='page_1' title='image "./delectusopuscul01frangoog_0117.png"; bbox 0 0 2626 4470; ppageno 0'>
   <div class='ocr_carea' id='block_1_1' title="bbox 167 213 1216 1268">
    <p class='ocr_par' dir='ltr' id='par_1_1' title="bbox 167 213 1216 1268">
     <span class='ocr_line' id='line_1_1' title="bbox 251 213 319 284; baseline 0.029 -2"><span class='ocrx_word' id='word_1_1' title='bbox 251 213 319 284; x_wconf 80' lang='lat'><strong>103</strong></span> 
     </span>
     <span class='ocr_line' id='line_1_2' title="bbox 220 327 1211 429; baseline 0.009 -29"><span class='ocrx_word' id='word_1_2' title='bbox 220 328 345 426; x_wconf 72' lang='lat' dir='ltr'><strong>docet,</strong></span> <span class='ocrx_word' id='word_1_3' title='bbox 372 342 519 402; x_wconf 80' lang='lat' dir='ltr'><strong>cantum</strong></span> <span class='ocrx_word' id='word_1_4' title='bbox 535 327 670 402; x_wconf 86' lang='lat' dir='ltr'><strong>etenim</strong></span> <span class='ocrx_word' id='word_1_5' title='bbox 687 330 788 403; x_wconf 87' lang='lat' dir='ltr'><strong>viros</strong></span> <span class='ocrx_word' id='word_1_6' title='bbox 809 330 871 429; x_wconf 88' lang='lat' dir='ltr'><strong>qui</strong></span> <span class='ocrx_word' id='word_1_7' title='bbox 896 329 948 402; x_wconf 86' lang='lat' dir='ltr'><strong>ihi</strong></span> <span class='ocrx_word' id='word_1_8' title='bbox 962 332 1183 409; x_wconf 85' lang='lat' dir='ltr'><strong>medicinae.</strong></span> <span class='ocrx_word' id='word_1_9' title='bbox 1205 411 1211 422; x_wconf 75' lang='grc'><em>,</em></span> 
     </span>
     <span class='ocr_line' id='line_1_3' title="bbox 219 447 1175 552; baseline 0.005 -32"><span class='ocrx_word' id='word_1_10' title='bbox 219 447 405 520; x_wconf 72' lang='lat' dir='ltr'><strong>faciendae</strong></span> <span class='ocrx_word' id='word_1_11' title='bbox 431 447 577 520; x_wconf 85' lang='lat' dir='ltr'><strong>licentia</strong></span> <span class='ocrx_word' id='word_1_12' title='bbox 602 447 811 546; x_wconf 77' lang='lat' dir='ltr'><strong>gaudeant,</strong></span> <span class='ocrx_word' id='word_1_13' title='bbox 835 451 875 520; x_wconf 91' lang='lat' dir='ltr'><strong>in</strong></span> <span class='ocrx_word' id='word_1_14' title='bbox 907 463 1023 548; x_wconf 85' lang='lat' dir='ltr'><strong>terra,</strong></span> <span class='ocrx_word' id='word_1_15' title='bbox 1058 470 1175 552; x_wconf 75' lang='lat' dir='ltr'><strong>qnae,</strong></span> 
     </span>
     <span class='ocr_line' id='line_1_4' title="bbox 217 561 1179 671; baseline 0.005 -31"><span class='ocrx_word' id='word_1_16' title='bbox 217 569 420 642; x_wconf 88' lang='lat' dir='ltr'><strong>incolarum</strong></span> <span class='ocrx_word' id='word_1_17' title='bbox 445 569 636 665; x_wconf 81' lang='lat' dir='ltr'><strong>nongentis</strong></span> <span class='ocrx_word' id='word_1_18' title='bbox 661 561 804 641; x_wconf 89' lang='lat' dir='ltr'><strong>circiter</strong></span> <span class='ocrx_word' id='word_1_19' title='bbox 816 568 987 642; x_wconf 87' lang='lat' dir='ltr'><strong>millibus</strong></span> <span class='ocrx_word' id='word_1_20' title='bbox 1005 570 1179 671; x_wconf 21' lang='lat' dir='ltr'><strong>*frequen-</strong></span> 
     </span>
     <span class='ocr_line' id='line_1_5' title="bbox 167 687 1183 790; baseline 0.004 -30"><span class='ocrx_word' id='word_1_21' title='bbox 167 777 175 785; x_wconf 70' lang='lat'><em>,</em></span> <span class='ocrx_word' id='word_1_22' title='bbox 218 702 317 785; x_wconf 88' lang='lat' dir='ltr'><strong>tata,</strong></span> <span class='ocrx_word' id='word_1_23' title='bbox 343 687 552 760; x_wconf 85' lang='lat' dir='ltr'><strong>milliarium</strong></span> <span class='ocrx_word' id='word_1_24' title='bbox 581 687 839 787; x_wconf 84' lang='lat' dir='ltr'><strong>quadratorum</strong></span> <span class='ocrx_word' id='word_1_25' title='bbox 872 691 1031 790; x_wconf 91' lang='lat' dir='ltr'><strong>quinque</strong></span> <span class='ocrx_word' id='word_1_26' title='bbox 1062 718 1183 790; x_wconf 83' lang='lat' dir='ltr'><strong>paene</strong></span> 
     </span>
     <span class='ocr_line' id='line_1_6' title="bbox 217 809 1177 908; baseline 0.003 -26"><span class='ocrx_word' id='word_1_27' title='bbox 217 809 331 882; x_wconf 89' lang='lat' dir='ltr'><strong>millia</strong></span> <span class='ocrx_word' id='word_1_28' title='bbox 357 811 581 907; x_wconf 80' lang='lat' dir='ltr'><strong>septingenta</strong></span> <span class='ocrx_word' id='word_1_29' title='bbox 607 811 798 906; x_wconf 78' lang='lat' dir='ltr'><strong>emetitur,</strong></span> <span class='ocrx_word' id='word_1_30' title='bbox 828 833 903 881; x_wconf 91' lang='lat' dir='ltr'><strong>non</strong></span> <span class='ocrx_word' id='word_1_31' title='bbox 929 836 1032 908; x_wconf 84' lang='lat' dir='ltr'><strong>posse</strong></span> <span class='ocrx_word' id='word_1_32' title='bbox 1058 815 1177 885; x_wconf 92' lang='lat' dir='ltr'><strong>omni·</strong></span> 
     </span>
     <span class='ocr_line' id='line_1_7' title="bbox 219 927 1177 1031; baseline 0.003 -30"><span class='ocrx_word' id='word_1_33' title='bbox 219 927 287 1002; x_wconf 87' lang='lat' dir='ltr'><strong>bus</strong></span> <span class='ocrx_word' id='word_1_34' title='bbox 314 931 465 1026; x_wconf 80' lang='lat' dir='ltr'><strong>aegrotis</strong></span> <span class='ocrx_word' id='word_1_35' title='bbox 490 927 678 1024; x_wconf 83' lang='lat' dir='ltr'><strong>diligenter</strong></span> <span class='ocrx_word' id='word_1_36' title='bbox 704 942 939 1028; x_wconf 85' lang='lat' dir='ltr'><strong>accurateque</strong></span> <span class='ocrx_word' id='word_1_37' title='bbox 966 931 1177 1031; x_wconf 89' lang='lat' dir='ltr'><strong>consulere,</strong></span> 
     </span>
     <span class='ocr_line' id='line_1_8' title="bbox 219 1047 1216 1147; baseline 0.004 -26"><span class='ocrx_word' id='word_1_38' title='bbox 219 1048 326 1147; x_wconf 67' lang='lat' dir='ltr'><strong>quid?</strong></span> <span class='ocrx_word' id='word_1_39' title='bbox 353 1047 475 1147; x_wconf 84' lang='lat' dir='ltr'><strong>quod,</strong></span> <span class='ocrx_word' id='word_1_40' title='bbox 493 1050 533 1119; x_wconf 87' lang='lat' dir='ltr'><strong>in</strong></span> <span class='ocrx_word' id='word_1_41' title='bbox 558 1049 753 1146; x_wconf 89' lang='lat' dir='ltr'><strong>provinciis</strong></span> <span class='ocrx_word' id='word_1_42' title='bbox 779 1049 917 1122; x_wconf 85' lang='lat' dir='ltr'><strong>latioris</strong></span> <span class='ocrx_word' id='word_1_43' title='bbox 933 1049 1090 1126; x_wconf 86' lang='lat' dir='ltr'><strong>ambitus</strong></span> <span class='ocrx_word' id='word_1_44' title='bbox 1107 1054 1177 1124; x_wconf 90' lang='lat' dir='ltr'><strong>sin·</strong></span> <span class='ocrx_word' id='word_1_45' title='bbox 1214 1069 1216 1074; x_wconf 85' lang='lat'>&#39;</span> 
     </span>
     <span class='ocr_line' id='line_1_9' title="bbox 220 1166 1182 1268; baseline 0.005 -30"><span class='ocrx_word' id='word_1_46' title='bbox 220 1168 302 1266; x_wconf 85' lang='lat' dir='ltr'><strong>gulo</strong></span> <span class='ocrx_word' id='word_1_47' title='bbox 337 1169 466 1265; x_wconf 88' lang='lat' dir='ltr'><strong>cuique</strong></span> <span class='ocrx_word' id='word_1_48' title='bbox 498 1193 544 1240; x_wconf 89' lang='lat' dir='ltr'><strong>ne</strong></span> <span class='ocrx_word' id='word_1_49' title='bbox 576 1169 801 1240; x_wconf 82' lang='lat' dir='ltr'><strong>innotescere</strong></span> <span class='ocrx_word' id='word_1_50' title='bbox 838 1166 1007 1266; x_wconf 90' lang='lat' dir='ltr'><strong>quidem,</strong></span> <span class='ocrx_word' id='word_1_51' title='bbox 1039 1195 1106 1268; x_wconf 89' lang='lat' dir='ltr'><strong>per</strong></span> <span class='ocrx_word' id='word_1_52' title='bbox 1139 1197 1182 1243; x_wconf 87' lang='lat' dir='ltr'><strong>se</strong></span> 
     </span>
    </p>
   </div>
   <div class='ocr_carea' id='block_1_2' title="bbox 110 1285 1186 1386">
    <p class='ocr_par' dir='ltr' id='par_1_2' title="bbox 110 1285 1186 1386">
     <span class='ocr_line' id='line_1_10' title="bbox 110 1285 1186 1386; baseline 0.002 -26"><span class='ocrx_word' id='word_1_53' title='bbox 110 1318 112 1324; x_wconf 93' lang='lat'>·</span> <span class='ocrx_word' id='word_1_54' title='bbox 218 1300 332 1386; x_wconf 58' lang='lat' dir='ltr'><strong>patet,</strong></span> <span class='ocrx_word' id='word_1_55' title='bbox 352 1285 477 1364; x_wconf 84' lang='lat' dir='ltr'><strong>Plures</strong></span> <span class='ocrx_word' id='word_1_56' title='bbox 503 1289 612 1384; x_wconf 78' lang='lat' dir='ltr'><strong>igitur</strong></span> <span class='ocrx_word' id='word_1_57' title='bbox 636 1286 799 1386; x_wconf 83' lang='lat' dir='ltr'><strong>beneque</strong></span> <span class='ocrx_word' id='word_1_58' title='bbox 817 1285 951 1360; x_wconf 75' lang='lat' dir='ltr'><strong>eruditi</strong></span> <span class='ocrx_word' id='word_1_59' title='bbox 964 1287 1099 1362; x_wconf 87' lang='lat' dir='ltr'><strong>medici</strong></span> <span class='ocrx_word' id='word_1_60' title='bbox 1123 1293 1186 1364; x_wconf 82' lang='lat' dir='ltr'><strong>in·.</strong></span> 
     </span>
    </p>
   </div>
   <div class='ocr_carea' id='block_1_3' title="bbox 133 1408 1197 3420">
    <p class='ocr_par' dir='ltr' id='par_1_3' title="bbox 133 1408 1197 3420">
     <span class='ocr_line' id='line_1_11' title="bbox 219 1408 1182 1504; baseline 0.007 -26"><span class='ocrx_word' id='word_1_61' title='bbox 219 1408 432 1504; x_wconf 88' lang='lat' dir='ltr'><strong>stituantur,</strong></span> <span class='ocrx_word' id='word_1_62' title='bbox 458 1420 494 1479; x_wconf 87' lang='lat' dir='ltr'><strong>et</strong></span> <span class='ocrx_word' id='word_1_63' title='bbox 519 1419 589 1503; x_wconf 89' lang='lat' dir='ltr'><strong>tot,</strong></span> <span class='ocrx_word' id='word_1_64' title='bbox 618 1421 660 1478; x_wconf 90' lang='lat' dir='ltr'><strong>ut</strong></span> <span class='ocrx_word' id='word_1_65' title='bbox 685 1409 890 1504; x_wconf 85' lang='lat' dir='ltr'><strong>provincias</strong></span> <span class='ocrx_word' id='word_1_66' title='bbox 907 1408 1099 1482; x_wconf 88' lang='lat' dir='ltr'><strong>commode</strong></span> <span class='ocrx_word' id='word_1_67' title='bbox 1117 1409 1182 1485; x_wconf 84' lang='lat' dir='ltr'><strong>ad·</strong></span> 
     </span>
     <span class='ocr_line' id='line_1_12' title="bbox 217 1527 1177 1626; baseline 0.004 -26"><span class='ocrx_word' id='word_1_68' title='bbox 217 1529 420 1600; x_wconf 85' lang='lat' dir='ltr'><strong>ministrare</strong></span> <span class='ocrx_word' id='word_1_69' title='bbox 446 1527 612 1626; x_wconf 70' lang='lat' dir='ltr'><strong>possi-nt,</strong></span> <span class='ocrx_word' id='word_1_70' title='bbox 645 1539 747 1598; x_wconf 83' lang='lat' dir='ltr'><strong>tenta</strong></span> <span class='ocrx_word' id='word_1_71' title='bbox 776 1552 867 1600; x_wconf 81' lang='lat' dir='ltr'><strong>vero·</strong></span> <span class='ocrx_word' id='word_1_72' title='bbox 889 1551 1014 1600; x_wconf 88' lang='lat' dir='ltr'><strong>eorum</strong></span> <span class='ocrx_word' id='word_1_73' title='bbox 1039 1555 1177 1603; x_wconf 90' lang='lat' dir='ltr'><strong>merces</strong></span> 
     </span>
     <span class='ocr_line' id='line_1_13' title="bbox 218 1645 1185 1747; baseline 0.003 -28"><span class='ocrx_word' id='word_1_74' title='bbox 218 1674 296 1720; x_wconf 87' lang='lat' dir='ltr'><strong>esse</strong></span> <span class='ocrx_word' id='word_1_75' title='bbox 314 1647 450 1735; x_wconf 86' lang='lat' dir='ltr'><strong>debet,</strong></span> <span class='ocrx_word' id='word_1_76' title='bbox 476 1661 538 1744; x_wconf 86' lang='lat' dir='ltr'><strong>ut,</strong></span> <span class='ocrx_word' id='word_1_77' title='bbox 563 1645 661 1718; x_wconf 85' lang='lat' dir='ltr'><strong>unde</strong></span> <span class='ocrx_word' id='word_1_78' title='bbox 687 1648 829 1743; x_wconf 83' lang='lat' dir='ltr'><strong>vivant,</strong></span> <span class='ocrx_word' id='word_1_79' title='bbox 854 1671 931 1719; x_wconf 90' lang='lat' dir='ltr'><strong>non</strong></span> <span class='ocrx_word' id='word_1_80' title='bbox 956 1647 1185 1747; x_wconf 68' lang='lat' dir='ltr'><strong>desiderent,</strong></span> 
     </span>
     <span class='ocr_line' id='line_1_14' title="bbox 218 1764 1184 1867; baseline 0.001 -27"><span class='ocrx_word' id='word_1_81' title='bbox 218 1794 304 1840; x_wconf 87' lang='lat' dir='ltr'><strong>nam</strong></span> <span class='ocrx_word' id='word_1_82' title='bbox 314 1823 323 1864; x_wconf 95' lang='lat'><strong>,</strong></span> <span class='ocrx_word' id='word_1_83' title='bbox 350 1768 420 1838; x_wconf 90' lang='lat' dir='ltr'><strong>nisi</strong></span> <span class='ocrx_word' id='word_1_84' title='bbox 445 1766 544 1864; x_wconf 86' lang='lat' dir='ltr'><strong>larga</strong></span> <span class='ocrx_word' id='word_1_85' title='bbox 563 1764 731 1838; x_wconf 82' lang='lat' dir='ltr'><strong>mercede</strong></span> <span class='ocrx_word' id='word_1_86' title='bbox 746 1765 892 1864; x_wconf 79' lang='lat' dir='ltr'><strong>publica</strong></span> <span class='ocrx_word' id='word_1_87' title='bbox 910 1765 1081 1865; x_wconf 75' lang='lat' dir='ltr'><strong>allicituS,</strong></span> <span class='ocrx_word' id='word_1_88' title='bbox 1098 1794 1184 1867; x_wconf 90' lang='lat' dir='ltr'><strong>pro·</strong></span> 
     </span>
     <span class='ocr_line' id='line_1_15' title="bbox 217 1884 1191 1986; baseline -0.004 -22"><span class='ocrx_word' id='word_1_89' title='bbox 217 1891 355 1964; x_wconf 75' lang='lat' dir='ltr'><strong>vincias</strong></span> <span class='ocrx_word' id='word_1_90' title='bbox 382 1913 509 1984; x_wconf 83' lang='lat' dir='ltr'><strong>egenas</strong></span> <span class='ocrx_word' id='word_1_91' title='bbox 547 1884 722 1983; x_wconf 88' lang='lat' dir='ltr'><strong>nullaque·</strong></span> <span class='ocrx_word' id='word_1_92' title='bbox 751 1884 943 1958; x_wconf 89' lang='lat' dir='ltr'><strong>hominum</strong></span> <span class='ocrx_word' id='word_1_93' title='bbox 975 1887 1191 1986; x_wconf 60' lang='lat' dir='ltr'><strong>frequentia⁴</strong></span> 
     </span>
     <span class='ocr_line' id='line_1_16' title="bbox 218 1998 1197 2104; baseline 0.002 -26"><span class='ocrx_word' id='word_1_94' title='bbox 218 2005 440 2104; x_wconf 81' lang='lat' dir='ltr'><strong>gaudentes,</strong></span> <span class='ocrx_word' id='word_1_95' title='bbox 458 2006 520 2078; x_wconf 87' lang='lat' dir='ltr'><strong>ubi</strong></span> <span class='ocrx_word' id='word_1_96' title='bbox 546 2007 685 2104; x_wconf 86' lang='lat' dir='ltr'><strong>privata</strong></span> <span class='ocrx_word' id='word_1_97' title='bbox 710 1998 949 2103; x_wconf 26' lang='lat' dir='ltr'><strong>praxisvsso&#39;cci</strong></span> <span class='ocrx_word' id='word_1_98' title='bbox 975 2005 1048 2077; x_wconf 81' lang='lat' dir='ltr'><strong>fere</strong></span> <span class='ocrx_word' id='word_1_99' title='bbox 1074 2004 1197 2080; x_wconf 58' lang='lat' dir='ltr'><strong>acati-&#39;1</strong></span> 
     </span>
     <span class='ocr_line' id='line_1_17' title="bbox 217 2123 1176 2222; baseline -0.004 -20"><span class='ocrx_word' id='word_1_100' title='bbox 217 2126 351 2202; x_wconf 86' lang='lat' dir='ltr'><strong>manda</strong></span> <span class='ocrx_word' id='word_1_101' title='bbox 378 2141 449 2222; x_wconf 91' lang='lat' dir='ltr'><strong>est,</strong></span> <span class='ocrx_word' id='word_1_102' title='bbox 474 2125 597 2198; x_wconf 85' lang='lat' dir='ltr'><strong>nullus</strong></span> <span class='ocrx_word' id='word_1_103' title='bbox 619 2123 738 2197; x_wconf 89' lang='lat' dir='ltr'><strong>bonus</strong></span> <span class='ocrx_word' id='word_1_104' title='bbox 762 2124 931 2196; x_wconf 85' lang='lat' dir='ltr'><strong>medicus</strong></span> <span class='ocrx_word' id='word_1_105' title='bbox 947 2123 1075 2198; x_wconf 74' lang='lat' dir='ltr'><strong>adibit.</strong></span> <span class='ocrx_word' id='word_1_106' title='bbox 1088 2126 1176 2202; x_wconf 76' lang='lat' dir='ltr'><strong>Mul-</strong></span> 
     </span>
     <span class='ocr_line' id='line_1_18' title="bbox 218 2245 1177 2346; baseline -0.003 -25"><span class='ocrx_word' id='word_1_107' title='bbox 218 2260 296 2322; x_wconf 79' lang='lat' dir='ltr'><strong>tum</strong></span> <span class='ocrx_word' id='word_1_108' title='bbox 321 2247 487 2346; x_wconf 87' lang='lat' dir='ltr'><strong>proficiet</strong></span> <span class='ocrx_word' id='word_1_109' title='bbox 511 2245 698 2341; x_wconf 87' lang='lat' dir='ltr'><strong>medicus,</strong></span> <span class='ocrx_word' id='word_1_110' title='bbox 721 2245 751 2316; x_wconf 92' lang='lat' dir='ltr'><strong>si</strong></span> <span class='ocrx_word' id='word_1_111' title='bbox 775 2245 814 2316; x_wconf 91' lang='lat' dir='ltr'><strong>in</strong></span> <span class='ocrx_word' id='word_1_112' title='bbox 837 2245 1026 2342; x_wconf 84' lang='lat' dir='ltr'><strong>provincia</strong></span> <span class='ocrx_word' id='word_1_113' title='bbox 1052 2245 1177 2346; x_wconf 88' lang='lat' dir='ltr'><strong>explo-</strong></span> 
     </span>
     <span class='ocr_line' id='line_1_19' title="bbox 216 2363 1177 2452; baseline -0.004 -14"><span class='ocrx_word' id='word_1_114' title='bbox 216 2367 375 2438; x_wconf 80' lang='lat' dir='ltr'><strong>rationes</strong></span> <span class='ocrx_word' id='word_1_115' title='bbox 398 2365 600 2437; x_wconf 85' lang='lat' dir='ltr'><strong>iden-tidem</strong></span> <span class='ocrx_word' id='word_1_116' title='bbox 631 2363 805 2436; x_wconf 82' lang='lat' dir='ltr'><strong>instituat.</strong></span> <span class='ocrx_word' id='word_1_117' title='bbox 833 2363 953 2452; x_wconf 91' lang='lat' dir='ltr'><strong>Quem</strong></span> <span class='ocrx_word' id='word_1_118' title='bbox 976 2365 1049 2442; x_wconf 65' lang='lat' dir='ltr'><strong>ita?</strong></span> <span class='ocrx_word' id='word_1_119' title='bbox 1070 2363 1177 2436; x_wconf 83' lang='lat' dir='ltr'><strong>foeda</strong></span> 
     </span>
     <span class='ocr_line' id='line_1_20' title="bbox 216 2480 1179 2584; baseline -0.004 -29"><span class='ocrx_word' id='word_1_120' title='bbox 216 2484 304 2558; x_wconf 88' lang='lat' dir='ltr'><strong>lahe</strong></span> <span class='ocrx_word' id='word_1_121' title='bbox 324 2487 554 2584; x_wconf 75' lang='lat' dir='ltr'><strong>mquinntum</strong></span> <span class='ocrx_word' id='word_1_122' title='bbox 581 2482 773 2580; x_wconf 86' lang='lat' dir='ltr'><strong>detegerit,</strong></span> <span class='ocrx_word' id='word_1_123' title='bbox 801 2496 883 2554; x_wconf 83' lang='lat' dir='ltr'><strong>eum</strong></span> <span class='ocrx_word' id='word_1_124' title='bbox 908 2480 1070 2554; x_wconf 92' lang='lat' dir='ltr'><strong>humano</strong></span> <span class='ocrx_word' id='word_1_125' title='bbox 1097 2483 1179 2554; x_wconf 85' lang='lat' dir='ltr'><strong>affa-</strong></span> 
     </span>
     <span class='ocr_line' id='line_1_21' title="bbox 219 2600 1187 2703; baseline -0.003 -27"><span class='ocrx_word' id='word_1_126' title='bbox 219 2603 355 2702; x_wconf 87' lang='lat' dir='ltr'><strong>bilique</strong></span> <span class='ocrx_word' id='word_1_127' title='bbox 372 2629 548 2701; x_wconf 81' lang='lat' dir='ltr'><strong>sermone,</strong></span> <span class='ocrx_word' id='word_1_128' title='bbox 566 2607 628 2703; x_wconf 92' lang='lat' dir='ltr'><strong>qui</strong></span> <span class='ocrx_word' id='word_1_129' title='bbox 646 2601 868 2702; x_wconf 41' lang='lat' dir='ltr'><strong>apud‘rudes</strong></span> <span class='ocrx_word' id='word_1_130' title='bbox 884 2600 1052 2676; x_wconf 87' lang='lat' dir='ltr'><strong>homines</strong></span> <span class='ocrx_word' id='word_1_131' title='bbox 1069 2600 1187 2702; x_wconf 81' lang='lat' dir='ltr'><strong>pluri·¹</strong></span> 
     </span>
     <span class='ocr_line' id='line_1_22' title="bbox 133 2721 1186 2835; baseline -0.009 -36"><span class='ocrx_word' id='word_1_132' title='bbox 133 2809 139 2835; x_wconf 31' lang='grc' dir='ltr'>ι</span> <span class='ocrx_word' id='word_1_133' title='bbox 217 2750 323 2798; x_wconf 86' lang='lat' dir='ltr'><strong>mum</strong></span> <span class='ocrx_word' id='word_1_134' title='bbox 336 2724 443 2823; x_wconf 85' lang='lat' dir='ltr'><strong>valet,</strong></span> <span class='ocrx_word' id='word_1_135' title='bbox 460 2725 506 2797; x_wconf 82' lang='lat' dir='ltr'><strong>ad</strong></span> <span class='ocrx_word' id='word_1_136' title='bbox 522 2724 764 2798; x_wconf 86' lang='lat' dir='ltr'><strong>medicamina</strong></span> <span class='ocrx_word' id='word_1_137' title='bbox 781 2721 956 2795; x_wconf 85' lang='lat' dir='ltr'><strong>sumenda</strong></span> <span class='ocrx_word' id='word_1_138' title='bbox 973 2725 1186 2820; x_wconf 71' lang='lat' dir='ltr'><strong>justamque,</strong></span> 
     </span>
     <span class='ocr_line' id='line_1_23' title="bbox 137 2841 1179 2940; baseline -0.008 -22"><span class='ocrx_word' id='word_1_139' title='bbox 137 2921 141 2926; x_wconf 18' lang='lat' dir='ltr'>h</span> <span class='ocrx_word' id='word_1_140' title='bbox 221 2844 435 2919; x_wconf 88' lang='lat' dir='ltr'><strong>servandam</strong></span> <span class='ocrx_word' id='word_1_141' title='bbox 467 2845 626 2916; x_wconf 77' lang='lat' dir='ltr'><strong>diaetam</strong></span> <span class='ocrx_word' id='word_1_142' title='bbox 664 2841 865 2939; x_wconf 82' lang='lat' dir='ltr'><strong>cohortari,</strong></span> <span class='ocrx_word' id='word_1_143' title='bbox 903 2842 1179 2940; x_wconf 84' lang='lat' dir='ltr'><strong>praescriptam·</strong></span> 
     </span>
     <span class='ocr_line' id='line_1_24' title="bbox 220 2963 1185 3068; baseline -0.005 -32"><span class='ocrx_word' id='word_1_144' title='bbox 220 2982 290 3062; x_wconf 80' lang='lat' dir='ltr'><strong>que</strong></span> <span class='ocrx_word' id='word_1_145' title='bbox 308 2988 441 3042; x_wconf 70' lang='lat' dir='ltr'><strong>¹curtam</strong></span> <span class='ocrx_word' id='word_1_146' title='bbox 467 2965 514 3068; x_wconf 84' lang='lat' dir='ltr'><strong>ad</strong></span> <span class='ocrx_word' id='word_1_147' title='bbox 538 2963 684 3064; x_wconf 86' lang='lat' dir='ltr'><strong>plenam</strong></span> <span class='ocrx_word' id='word_1_148' title='bbox 709 2983 829 3061; x_wconf 83' lang='lat' dir='ltr'><strong>usque·</strong></span> <span class='ocrx_word' id='word_1_149' title='bbox 849 2963 1077 3034; x_wconf 76' lang='lat' dir='ltr'><strong>sanationem</strong></span> <span class='ocrx_word' id='word_1_150' title='bbox 1100 2982 1185 3058; x_wconf 85' lang='lat' dir='ltr'><strong>per-</strong></span> 
     </span>
     <span class='ocr_line' id='line_1_25' title="bbox 157 3077 1185 3182; baseline -0.016 -20"><span class='ocrx_word' id='word_1_151' title='bbox 157 3157 159 3162; x_wconf 80' lang='lat'><em>.</em></span> <span class='ocrx_word' id='word_1_152' title='bbox 221 3097 379 3182; x_wconf 77' lang='lat' dir='ltr'><strong>sereret,</strong></span> <span class='ocrx_word' id='word_1_153' title='bbox 394 3107 514 3158; x_wconf 82' lang='lat' dir='ltr'><strong>severe</strong></span> <span class='ocrx_word' id='word_1_154' title='bbox 531 3106 678 3158; x_wconf 84' lang='lat' dir='ltr'><strong>monere</strong></span> <span class='ocrx_word' id='word_1_155' title='bbox 697 3078 814 3154; x_wconf 84' lang='lat' dir='ltr'><strong>debet.</strong></span> <span class='ocrx_word' id='word_1_156' title='bbox 830 3080 903 3170; x_wconf 82' lang='lat' dir='ltr'><strong>Qui</strong></span> <span class='ocrx_word' id='word_1_157' title='bbox 917 3104 1000 3153; x_wconf 90' lang='lat' dir='ltr'><strong>vero</strong></span> <span class='ocrx_word' id='word_1_158' title='bbox 1015 3077 1185 3178; x_wconf 76' lang='lat' dir='ltr'><strong>piebem,</strong></span> 
     </span>
     <span class='ocr_line' id='line_1_26' title="bbox 222 3195 1186 3307; baseline -0.01 -29"><span class='ocrx_word' id='word_1_159' title='bbox 222 3202 378 3282; x_wconf 71' lang='lat' dir='ltr'><strong>curtem</strong></span> <span class='ocrx_word' id='word_1_160' title='bbox 407 3195 618 3307; x_wconf 84' lang='lat' dir='ltr'><strong>praesertim</strong></span> <span class='ocrx_word' id='word_1_161' title='bbox 649 3199 854 3290; x_wconf 80' lang='lat' dir='ltr'><strong>incultam,</strong></span> <span class='ocrx_word' id='word_1_162' title='bbox 882 3199 1091 3296; x_wconf 80' lang='lat' dir='ltr'><strong>cognoscit,</strong></span> <span class='ocrx_word' id='word_1_163' title='bbox 1124 3222 1186 3269; x_wconf 75' lang='lat' dir='ltr'><strong>ar-</strong></span> 
     </span>
     <span class='ocr_line' id='line_1_27' title="bbox 222 3318 1186 3420; baseline -0.009 -25"><span class='ocrx_word' id='word_1_164' title='bbox 222 3319 339 3395; x_wconf 89' lang='lat' dir='ltr'><strong>duum</strong></span> <span class='ocrx_word' id='word_1_165' title='bbox 375 3349 449 3396; x_wconf 88' lang='lat' dir='ltr'><strong>esse</strong></span> <span class='ocrx_word' id='word_1_166' title='bbox 484 3322 619 3396; x_wconf 88' lang='lat' dir='ltr'><strong>medici</strong></span> <span class='ocrx_word' id='word_1_167' title='bbox 655 3318 890 3420; x_wconf 88' lang='lat' dir='ltr'><strong>provincialis</strong></span> <span class='ocrx_word' id='word_1_168' title='bbox 927 3340 1067 3389; x_wconf 90' lang='lat' dir='ltr'><strong>munus.</strong></span> <span class='ocrx_word' id='word_1_169' title='bbox 1094 3340 1186 3387; x_wconf 87' lang='lat' dir='ltr'><strong>sane·</strong></span> 
     </span>
    </p>
   </div>
   <div class='ocr_carea' id='block_1_4' title="bbox 42 3429 1179 3515">
    <p class='ocr_par' dir='ltr' id='par_1_4' title="bbox 42 3429 1179 3515">
     <span class='ocr_line' id='line_1_28' title="bbox 42 3429 1179 3515; baseline -0.007 -2"><span class='ocrx_word' id='word_1_170' title='bbox 42 3429 47 3438; x_wconf 51' lang='lat'>⁵</span> <span class='ocrx_word' id='word_1_171' title='bbox 138 3449 140 3457; x_wconf 80' lang='grc'>’</span> <span class='ocrx_word' id='word_1_172' title='bbox 223 3440 405 3514; x_wconf 72' lang='lat' dir='ltr'><strong>concedit.</strong></span> <span class='ocrx_word' id='word_1_173' title='bbox 435 3443 530 3515; x_wconf 82' lang='lat' dir='ltr'><strong>Satis</strong></span> <span class='ocrx_word' id='word_1_174' title='bbox 558 3445 756 3515; x_wconf 82' lang='lat' dir='ltr'><strong>inveterata</strong></span> <span class='ocrx_word' id='word_1_175' title='bbox 793 3429 930 3512; x_wconf 87' lang='lat' dir='ltr'><strong>etenim</strong></span> <span class='ocrx_word' id='word_1_176' title='bbox 962 3461 1045 3508; x_wconf 86' lang='lat' dir='ltr'><strong>eam</strong></span> <span class='ocrx_word' id='word_1_177' title='bbox 1080 3447 1179 3506; x_wconf 82' lang='lat' dir='ltr'><strong>tenet</strong></span> 
     </span>
    </p>
   </div>
   <div class='ocr_carea' id='block_1_5' title="bbox 223 3551 1185 3816">
    <p class='ocr_par' dir='ltr' id='par_1_5' title="bbox 223 3551 1185 3816">
     <span class='ocr_line' id='line_1_29' title="bbox 223 3551 1184 3658; baseline -0.008 -26"><span class='ocrx_word' id='word_1_178' title='bbox 223 3559 391 3634; x_wconf 80' lang='lat' dir='ltr'><strong>aduersus</strong></span> <span class='ocrx_word' id='word_1_179' title='bbox 416 3561 661 3636; x_wconf 78' lang='lat' dir='ltr'><strong>medicamina</strong></span> <span class='ocrx_word' id='word_1_180' title='bbox 683 3557 831 3658; x_wconf 84' lang='lat' dir='ltr'><strong>opinio,</strong></span> <span class='ocrx_word' id='word_1_181' title='bbox 865 3580 955 3658; x_wconf 72' lang='lat' dir='ltr'><strong>quae</strong></span> <span class='ocrx_word' id='word_1_182' title='bbox 982 3551 1115 3650; x_wconf 88' lang='lat' dir='ltr'><strong>efficit,</strong></span> <span class='ocrx_word' id='word_1_183' title='bbox 1139 3565 1184 3624; x_wconf 84' lang='lat' dir='ltr'><strong>ut</strong></span> 
     </span>
     <span class='ocr_line' id='line_1_30' title="bbox 225 3672 1185 3816; baseline -0.009 -60"><span class='ocrx_word' id='word_1_184' title='bbox 225 3680 277 3756; x_wconf 63' lang='lat' dir='ltr'><strong>ab„</strong></span> <span class='ocrx_word' id='word_1_185' title='bbox 298 3683 496 3780; x_wconf 85' lang='lat' dir='ltr'><strong>aegerrime</strong></span> <span class='ocrx_word' id='word_1_186' title='bbox 521 3683 650 3760; x_wconf 87' lang='lat' dir='ltr'><strong>sumtis</strong></span> <span class='ocrx_word' id='word_1_187' title='bbox 685 3676 865 3816; x_wconf 65' lang='lat' dir='ltr'><strong>maturius</strong></span> <span class='ocrx_word' id='word_1_188' title='bbox 893 3680 987 3776; x_wconf 81' lang='lat' dir='ltr'><strong>justo</strong></span> <span class='ocrx_word' id='word_1_189' title='bbox 1021 3672 1185 3748; x_wconf 73' lang='lat' dir='ltr'><strong>desinat.</strong></span> 
     </span>
    </p>
   </div>
   <div class='ocr_carea' id='block_1_6' title="bbox 0 0 1319 4470">
    <p class='ocr_par' dir='ltr' id='par_1_6' title="bbox 0 0 1319 4470">
     <span class='ocr_line' id='line_1_31' title="bbox 0 0 1319 4470; baseline 0 0"><span class='ocrx_word' id='word_1_190' title='bbox 0 0 1319 4470; x_wconf 95' lang='lat' dir='ltr'><strong> </strong></span> 
     </span>
    </p>
   </div>
  </div>
 </body>
</html>
