2626 4470
490 454 615 536 Morbi
636 455 778 556 Imago.

221 697 275 774 Ut
299 723 365 798 ea,
395 715 487 802 quae
513 691 667 800 sparsim
700 698 741 772 in
774 693 924 774 diversis
958 693 1118 776 historiis

142 819 195 894 de
218 820 380 920 Pellagra
405 833 674 896 annotaverunt
698 818 898 915 Auctores,
927 820 968 894 in
1001 845 1118 896 unum

144 942 346 1017 ordinatim
371 941 546 1043 disposita
570 954 818 1043 symptomata
836 938 1056 1040 habeamus,
1082 955 1119 1016 et

143 1056 278 1138 earinde
296 1089 420 1139 veram
435 1062 587 1165 hujusce
604 1061 725 1138 morbi
747 1052 943 1164 imagiriem
972 1087 1119 1166 compa*

143 1208 227 1258 rare
252 1182 453 1284 valeamus,
479 1185 603 1260 omnia
627 1181 814 1284 colligere,
839 1182 1042 1260 essentialia
1067 1184 1116 1260 ab

144 1302 432 1378 accidentalibus
458 1303 696 1406 distinguere,
714 1329 756 1380 ac
773 1304 971 1408 unicuique
996 1303 1118 1384 stadio

143 1453 212 1501 sua
237 1425 395 1500 tribuere
419 1423 570 1526 juvabit
627 1495 631 1502 .

223 1545 336 1640 Quasi
360 1546 609 1647 otioperacta
633 1544 790 1649 hyeme,
816 1547 993 1646 agricolae
1017 1573 1117 1624 acce·

139 1668 256 1744 dente
280 1692 411 1768 verno,
437 1667 487 1742 ad
509 1651 664 1767 agrestes
681 1692 765 1744 suos
782 1668 939 1744 redeunt
954 1667 1116 1771 labores,

141 1815 189 1863 ac
215 1790 277 1890 qui
304 1789 390 1862 huie
415 1786 546 1864 morbo
572 1787 726 1893 obnoxii
742 1804 846 1890 sunt,
872 1787 1117 1892 delassantur,

142 1913 241 1984 fiunt
264 1909 476 2008 temulenti,
502 1911 644 2011 tristes,
678 1912 842 2011 morosi,
868 1936 911 1986 ac
937 1914 968 1986 si
993 1910 1117 2018 hypo·

144 2029 371 2106 chondriaca
401 2033 523 2134 passio
538 2019 632 2106 'illos
666 2031 889 2132 adoriretur,
919 2031 1018 2108 oculi
1051 2033 1115 2108 ob·
1163 2120 1166 2127 ¹

142 2151 378 2251 nubilantur,
404 2150 603 2252 scintillae,
622 2151 811 2256 diplopia3
837 2151 1115 2256 photopbobia,

140 2277 287 2354 aurium
312 2276 466 2374 tinnitus
491 2273 695 2373 accedunt,
728 2273 948 2350 lineamenta
979 2277 1112 2374 faciei,
1201 2330 1203 2342 .

140 2426 189 2476 ex
213 2397 442 2501 spasmodica
458 2394 706 2488 musculorum
722 2396 908 2472 fecialium
924 2400 1113 2498 passione,

141 2521 360 2618 alterantur,
386 2515 575 2619 facultates
601 2515 864 2597 intellectuales
890 2518 1111 2618 hebescunt,

139 2641 362 2742 adpetentia
375 2662 458 2712 raro
483 2639 742 2738 prosternitur,
767 2651 809 2711 ut
834 2637 1035 2738 plurimum
1060 2638 1117 2714 fa·-

139 2787 204 2838 mo
226 2774 421 2858 vexantur,
446 2771 484 2832 et
507 2760 538 2832 si
564 2755 679 2832 multa
701 2757 917 2856 comedunt,
943 2756 1040 2832 bene
1057 2754 1124 2840 cti-2

104 2869 107 2874 Α
141 2907 265 2986 gerere
284 2907 322 2956 se
342 2892 507 2954 asserunt
513 2905 524 2978 3
541 2897 618 2954 non
634 2902 824 2979 nunquam
840 2877 886 2952 de
903 2877 1111 2954 sensatione

77 2979 82 2990 ⁸
140 3008 183 3080 in
208 2999 436 3090 saucibusac
462 3001 493 3073 ei
517 2997 624 3074 bolus
638 2996 711 3072 illis
728 3013 821 3073 esset
837 2997 1113 3114 deglutiendus,

138 3136 438 3226 conqueruntur,
463 3117 607 3196 dolores
633 3118 826 3196 ventriculi
838 3175 849 3219 ,
882 3145 988 3221 saepe
1023 3143 1110 3192 nau·
1220 3181 1223 3192 .

138 3271 223 3346 seu,
246 3240 447 3348 llptulentia
460 3243 479 3339 ,'
497 3237 570 3316 alvi
595 3238 723 3316 turbae
749 3242 1021 3341 superveniunt.

215 3365 340 3442 Bonus
365 3358 712 3461 corporis'habitus,
736 3361 909 3462 vigorque
935 3358 1110 3436 naturalis

137 3486 276 3564 sensim
301 3481 496 3582 deficiunt,
519 3481 690 3580 taediosi,
714 3481 788 3557 levi
809 3496 892 3556 utut
906 3481 1032 3558 labore
1049 3465 1119 3554 de-'

137 3609 359 3706 fatigantur,
386 3602 646 3702 debilitantur,
679 3603 830 3703 insignis
855 3605 1018 3706 sequitur
1042 3626 1108 3703 pe·

138 3730 230 3806 duna
256 3712 434 3828 gravitas,
459 3737 605 3828 stupor,
632 3726 795 3828 vertigo,
821 3725 962 3812 caduca
984 3736 1108 3799 mente

269 3863 500 3924 Urunt-Vol.
518 3863 552 3922 11.
873 3864 912 3925 6¹!
1025 3895 1027 3904 ·
