2628 4476
247 268 294 342 32
398 303 402 309 ·
1182 333 1185 338 ,

220 381 283 462 eos
308 385 540 464 solummodo
565 383 747 492 medicos,
773 387 836 486 qni
857 377 1058 485 gravissimi
1086 377 1194 468 nohis

135 567 137 574 -
220 508 430 606 videantur,
457 510 497 580 in
523 508 702 582 iudicium
725 531 911 582 vocemus.

235 727 238 734 Δ
294 627 548 714 Examiuandu
573 653 660 704 vero
685 629 845 729 primum
862 654 905 704 ea
930 643 986 703 est
1010 633 1194 734 quaestio,

220 749 372 826 morbus
404 765 533 824 noster
561 773 609 822 an
641 775 764 824 merus
796 751 844 822 sit
874 748 1067 827 scottulus
1079 805 1091 842 ,
1123 777 1195 828 nec
1312 763 1313 800 ι

221 872 293 948 nel
314 871 537 948 Profitentur
562 869 658 944 hanc
684 871 919 958 sententiam
927 869 1037 945 multi
1068 875 1195 972 magni

133 1073 137 1080 ,
222 1019 310 1068 sane
335 994 496 1067 nominis
521 993 608 1091 viri,
634 991 701 1094 qui
724 990 770 1065 de
785 967 927 1066 eodem
958 994 1194 1094 scripsemut

222 1115 416 1212 uonna,
447 1113 623 1216 physicus
654 1112 744 1194 olim
771 1112 1094 1216 Bradsbergensis,
1110 1114 1197 1192 hoe
1312 1109 1313 1136 ³

221 1233 361 1308 malum
385 1259 509 1308 veram
534 1221 694 1309 declarat
711 1233 1197 1334 scorbuticamcachexiam
1312 1269 1313 1338 }

131 1407 133 1414 -
198 1341 495 1456 ‘(1);etAssoc
521 1381 540 1430 e
566 1355 872 1454 medicaminum,
898 1380 991 1457 quae
1016 1361 1206 1436 αιιιιιιοι-ι
1312 1343 1313 1408 ss

224 1473 347 1574 branca
375 1467 534 1576 vocant,
552 1476 701 1552 salutari
726 1465 765 1554 vi,
788 1477 889 1554 idem
909 1467 992 1576 esse
1017 1475 1198 1554 ecorhuti-

224 1624 288 1674 cae
316 1597 451 1674 indolis
483 1601 702 1701 pronuntiat
727 1604 787 1696 (ι).
818 1598 958 1676 Verum
983 1584 1209 1675 coniectura
1312 1653 1313 1694 ι

146 1769 148 1774 -
224 1719 488 1795 aiuvantihus
518 1719 567 1795 ad
599 1705 772 1797 morbum
792 1746 916 1828 ‚quam
931 1759 934 1762 ·
947 1744 1099 1796 erronea
1124 1721 1198 1820 sit,
1266 1729 1270 1736 ’

224 1865 335 1941 quam
365 1841 513 1918 infirmo
545 1857 617 1918 stet
648 1841 752 1944 talo,
779 1856 822 1917 ut
847 1840 893 1917 de
919 1840 998 1916 aliis
1028 1853 1198 1941 taceam,

224 1965 424 2036 mercurius
461 1965 666 2102 imprimis,
704 1965 768 2065 qui
808 1963 992 2062 hodierno*
1027 1975 1197 2064 tempore
1312 2003 1313 2010 ι

223 2082 329 2156 malis
361 2107 472 2184 quam
504 2087 673 2160 maxime
694 2087 879 2188 opposi'tis·
897 2083 1121 2194 adhibetur,
1141 2081 1201 2158 lu·
1312 2157 1313 2180 2

224 2202 426 2280 colentum
438 2205 546 2282 nohis
570 2206 721 2311 praebet
746 2207 1020 2294 documentum
1041 2204 1198 2328 Exinde

225 2327 367 2426 itaque,
393 2326 494 2428 quod
527 2354 688 2402 «succus
707 2325 905 2403 herbarum
933 2349 1109 2426 recense,
1132 2326 1200 2427 qui
1312 2327 1313 2358 ¹

224 2446 320 2520 inter
337 2448 517 2524 tutissima
540 2450 810 2550 certissimaque
831 2449 962 2550 merito
978 2459 1201 2534 numeratur

227 2563 563 2668 antiscorbu'tica,
553 2595 594 2642 ιιι
618 2563 780 2670 singulis
794 2553 948 2670 aegrotis
968 2565 1201 2680 praeclaram

227 2689 371 2762 exserit
383 2690 573 2788 virtutem,
600 2689 648 2764 'ad
673 2705 818 2766 nostrae
840 2680 1074 2794 aegritudinis
1099 2711 1199 2762 scor·

230 2806 395 2883 buticum
431 2823 631 2884 naturam.
627 2837 753 2913 aeque
779 2825 914 2886 temere
941 2805 1199 2920 concluditur,

231 2955 273 3003 ac
307 2931 337 3003 si
370 2933 474 3032 quis,
508 2931 610 3068 quod
641 2957 797 3022 venereo
801 2927 962 3006 morbo
996 2929 1203 3014 mercurius

229 3053 408 3126 tutissime
433 3048 590 3154 o'p'ponit
591 3081 666 3156 ur,
681 3055 806 3132 omnia
831 3053 952 3132 etiam
974 3049 1044 3126 alia
1075 3029 1200 3188 mala,

131 3187 132 3190 ’
230 3171 361 3274 quibus
392 3173 628 3274 adhibeatur,
662 3173 910 3278 syphiliticae
931 3197 1007 3250 esse
1046 3171 1201 3272 originis

230 3617 270 3680 (ι)
286 3613 375 3670 Todee
391 3612 487 3668 medic.
505 3612 621 3683 chirurg.
636 3609 733 3717 Joum
751 3611 863 3669 tuda
867 3611 947 3670 ‚titt
969 3609 1094 3683 Kopeuh.
1116 3611 1194 3711 ideo.

125 3803 126 3808 ’
229 3719 321 3854 (vll.
335 3702 437 3845 iiiiii·
455 3808 482 3863 p.
499 3805 558 3862 29.-
547 3789 607 3855 -.34
