2628 4476
1039 217 1080 263 ιο

212 304 316 396 Quae
340 327 456 404 quum
475 303 526 378 ita
548 306 637 404 sint,
659 303 751 380 haec
773 309 886 382 sectio
913 309 1107 388 commode

136 427 177 501 in
208 423 291 500 bina
325 431 449 528 capitu
487 424 718 526 dispescitur,
759 445 916 528 quorum
954 429 1108 540 alterurn

135 563 390 648 symptomata,
416 547 569 624 atterum
595 573 728 624 causas
752 551 912 628 invicem
930 552 1081 628 confert.
1157 649 1170 668 ἱ

419 767 676 882 vCAPUT
727 773 757 846 t
1177 691 1198 754 Υ

348 955 638 1057 §symptomatum
663 963 939 1057 comparatius,
1012 1019 1016 1025 .
1088 965 1090 972 ⁴

208 1156 268 1232 Ad
292 1181 415 1234 veram
436 1155 556 1232 morbi
577 1161 692 1233 nostri
713 1160 909 1258 imaginem
930 1160 1103 1262 praeben·

132 1279 221 1355 dam
251 1277 467 1380 aggrediens·
492 1280 649 1380 ingenue
675 1279 816 1380 fateor,
850 1275 943 1356 mihi
965 1284 1104 1358 ‘iuniori

133 1399 256 1474 adhuc
282 1397 427 1498 medico
451 1397 619 1488 nondum
645 1401 836 1499 contigisse
868 1406 991 1478 omnia
1025 1407 1101 1480 eius

131 1535 382 1624 symptomata
407 1545 526 1622 neque
552 1520 693 1621 singula
717 1519 881 1597 eiusdem
912 1517 1030 1598 stadia
1060 1527 1102 1606 in

128 1667 208 1738 uno
234 1655 383 1748 nepotc
407 1641 515 1716 obvia
540 1642 685 1742 videre3
711 1667 797 1718 nam
822 1641 921 1718 lente
952 1669 1101 1748 serpens

127 1748 271 1840 malum
291 1789 373 1839 sero
393 1766 612 1840 maturescit
636 1766 744 1866 Signa
762 1777 886 1842 minen
906 1789 1099 1868 exponere,

114 1909 226 1985 *quae
249 1898 419 1987 autoptae
440 1883 638 1984 Norvegiae
659 1886 883 2000 'Sveciaeque
906 1888 1037 1988 optimi
1063 1890 1101 1962 ii·

129 2128 312 2229 demque,
344 2153 420 2228 quo
457 2127 570 2206 iidem
603 2129 904 2231 experientissimi
937 2131 1007 2206 viri
1045 2133 1101 2218 usi

129 2249 252 2347 fuere,
275 2273 419 2326 servare
445 2249 613 2330 ordinem
639 2247 810 2325 conabor.

211 2368 333 2448 Morbi
375 2371 500 2459 initio,
521 2372 734 2470 gravitatem
776 2373 888 2448 totius
938 2373 1100 2473 corporis

126 2490 451 2593 membrorumque
475 2491 728 2568 lassitudinem
734 2491 750 2592 ,'
773 2493 955 2595 pruritum
988 2495 1101 2593 cutis,

126 2613 318 2690 insolitum
342 2611 480 2709 laboris
505 2614 687 2714 cuiusvis,
720 2615 812 2716 quin
849 2615 1077 2724 pegotiorum
1089 2669 1128 2720 ,ἢ

127 2761 220 2836 quae
254 2747 361 2809 antea
393 2735 559 2810 maximis
593 2735 634 2808 in
666 2731 806 2810 deliciis
841 2733 965 2835 fuere,
997 2733 1098 2810 iesti-

127 2855 252 2954 dium‚
293 2853 529 2930 articulorum
569 2853 813 2954 rigiditatem,
851 2855 1099 2956 dyspnoeam,

125 2975 307 3076 imprimis
333 2974 422 3050 dum
447 2975 560 3050 scalas
595 2988 632 3050 et
662 2973 814 3052 acclinia
852 2974 1099 3074 adscendunt,

129 3093 391 3197 cephalalgiam
429 3100 607 3175 tensi'vam
641 3095 837 3174 mentalem
864 3097 974 3196 vulgo
1009 3122 1094 3203 que·

127 3229 260 3294 runtur
288 3219 392 3318 aegri.
415 3216 542 3296 Facies
568 3217 741 3320 singulari
763 3216 975 3321 splendore,
1008 3243 1125 3319 qua-¹

129 3338 157 3410 si
195 3351 386 3439 argenteo,
419 3339 630 3443 praeditur3
661 3338 855 3442 coloreque
888 3342 1095 3442 saepissime

127 3456 286 3560 pallido,
324 3459 458 3591 livirio,
489 3461 779 3564 plethoricorum
809 3477 932 3538 autem
958 3461 1094 3562 rubro,

128 3577 172 3654 ab
207 3605 251 3656 eo
289 3595 451 3683 tamen,
472 3586 537 3686 qui
570 3585 769 3664 seruitutem.
790 3585 953 3662 indicare
981 3583 1095 3683 solet,
1160 3605 1164 3611 ·

128 3703 374 3806 maximopere
402 3703 657 3809 discrepante,
686 3703 915 3784 suffunditur.
943 3703 1091 3810 'Coryna
1149 3695 1152 3700 ’
