2626 4470
992 233 1055 280 ιιι

197 323 332 396 Verum
365 311 463 396 enim
494 343 581 396 vero
614 336 739 396 acutos
765 337 883 424 atque
917 343 1082 424 expertos

121 445 284 518 medicos
325 445 524 518 instituisse
568 443 831 542 commodaque
872 452 1082 522 nosocomia

123 567 337 638 exstruxisse
354 560 409 637 'ad
434 563 572 663 lepram
597 590 617 633 e
641 565 818 662 Norvegia
834 579 871 638 et
886 566 1011 641 Svecia
1030 569 1083 641 su·
1103 570 1110 666 ξ

122 685 278 783 gandam
304 687 365 758 vix
388 687 473 757 satis
498 698 570 780 est;
595 682 789 783 namquid
814 685 983 783 impedit,
1010 714 1083 787 quo
1177 729 1179 734 ·

121 810 242 878 minus
269 807 420 910 aegroti,
442 818 651 904 recuperata
670 803 817 878 demum
833 810 1004 905 sanitate,
1019 809 1083 882 do·

110 915 225 999 ¹mum
251 928 383 1019 reversi
407 940 545 999 suetam
578 928 709 998 iterum
733 926 880 1000 vivendi
907 929 1083 1001 rationem

121 1045 399 1144 aggrediantur,
433 1045 624 1145 denuoque
659 1049 870 1146 semetipsos
903 1062 939 1120 et
972 1048 1083 1145 alios,

122 1165 341 1265 quibuscum
366 1165 527 1264 quotidie
543 1181 747 1263 versentur,
770 1166 941 1240 foeditate
966 1171 1083 1266 inqui-

122 1285 245 1358 nentl
282 1284 568 1378 Recrudescente
607 1277 763 1359 nefanda
800 1285 910 1384 labe,
947 1290 1089 1385 aegroti

121 1430 256 1500 rursus,
278 1406 317 1476 in
346 1411 555 1480 nosocomia
581 1406 809 1504 deferuntur,
836 1407 945 1506 quae⁷
970 1433 1083 1506 quum

120 1525 242 1598 morbi
267 1550 394 1596 causae
427 1525 592 1598 nondum
626 1528 866 1623 cessaverint,
897 1549 1083 1625 nunquam

121 1645 292 1717 desinent
316 1669 391 1717 esse
416 1644 565 1745 leprosis
590 1647 757 1747 impleta,
773 1671 898 1720 verum
917 1646 965 1718 ob
982 1647 1082 1746 paul-

121 1764 226 1837 latim
244 1747 433 1838 adauctam
450 1767 568 1840 morbi
586 1768 826 1866 frequentiam
844 1767 991 1839 tandem
1009 1793 1084 1841 om·
1186 1836 1187 1842 ,

120 1883 232 1956 nibus
246 1885 465 1985 excipiendis
482 1887 582 1958 haud
599 1887 753 1986 amplius
771 1885 959 1959 sufficient.
974 1887 1085 1977 Quod

121 2006 154 2075 si
180 2003 327 2076 demum
352 2008 529 2104 evenerit,
554 2007 716 2080 medicus
737 2007 870 2081 multos
897 2021 994 2086 extra
1021 2036 1083 2083 uo-

122 2126 286 2198 socomia
311 2126 454 2198 visitare
482 2130 623 2224 cogitur
631 2155 642 2225 3
668 2153 781 2226 quum
798 2153 885 2202 vero
902 2129 990 2202 tales
1017 2131 1081 2202 ho-

121 2250 240 2320 mines
265 2245 312 2320 ob
337 2248 501 2353 innatam
526 2249 750 2322 aversionem
774 2249 1077 2323 medicaminibus

122 2369 246 2439 minus
271 2371 363 2465 juste
388 2380 537 2439 utantur
568 2381 605 2439 et
633 2367 681 2439 ob
710 2369 873 2468 inopiam
898 2393 974 2443 non
998 2394 1083 2469 pos·
1114 2451 1118 2464 Ι

124 2491 197 2560 sint
222 2485 269 2558 ad
300 2489 558 2586 praescriptam
592 2487 746 2575 diaetam
785 2490 928 2586 vivere,
964 2493 1083 2563 omnis

123 2609 197 2679 lere
232 2606 364 2682 medici
397 2606 501 2680 labor
530 2621 764 2706 aegrotosque
798 2606 898 2681 domi
930 2605 1085 2682 admini-

122 2726 261 2800 strandi
287 2726 470 2824 diligentia
496 2729 699 2828 saepissime
724 2725 845 2800 fructu
877 2728 1020 2801 carebit.
1047 2730 1085 2802 Si

122 2849 245 2950 itaque
271 2846 318 2919 ad
342 2848 480 2946 lepram
504 2847 711 2948 pellendam
731 2847 866 2919 medici
884 2860 921 2918 et
936 2871 1086 2921 nosoeo-
1110 2867 1112 2874 ’

122 2971 196 3040 mia
223 2968 313 3066 quid
338 2970 546 3068 proficiant,
571 2993 696 3040 causas
713 2973 788 3068 ejus
806 2967 914 3068 plane
931 2965 1009 3039 tolli
1026 2968 1084 3042 vel
1182 3047 1185 3052 ,
1281 2963 1285 2969 ’

121 3087 286 3158 mitiores
310 3087 437 3160 saltem
454 3086 574 3184 reddi,
591 3113 648 3160 res
665 3089 810 3160 maximi
827 3100 881 3160 est
897 3089 1084 3159 momenti.

124 3207 248 3296 Quum
274 3231 360 3279 vero
386 3206 433 3278 ab
459 3208 616 3306 antiquis
642 3207 803 3280 moribus
819 3205 1086 3280 consuetudini·
1183 3300 1187 3314 1

123 3324 264 3423 busque
290 3341 326 3398 et
349 3325 538 3399 laboriosis
560 3327 762 3424 quotidiani
784 3329 900 3401 victus
913 3351 1083 3427 quaeren-

122 3444 160 3516 di
188 3447 341 3543 negotiis
366 3445 516 3522 morbus
541 3447 804 3546 proficiscatur,
826 3445 924 3547 apud
939 3446 1084 3546 plebem
1146 3469 1150 3476 ·

122 3562 276 3663 rudem,
302 3593 416 3666 quae,
441 3592 585 3641 morum
610 3592 631 3636 a
656 3565 819 3665 patribus
854 3581 1083 3666 acceptorum

124 3684 379 3785 tenacissima,
418 3688 521 3764 norb
562 3687 756 3790 aegerrime
794 3685 975 3763 adsuescit
989 3715 1001 3786 5w
1038 3711 1085 3760 ne
