2626 4470
193 207 264 280 1¹30

160 353 234 429 qua
260 323 466 402 obnubilati
490 310 686 428 incedunt,
711 329 782 402 nisi
806 355 883 404 sese
907 335 1136 435 sustineant,
1166 319 1174 340 '

160 448 265 522 humi
291 447 493 522 concidunt
499 475 515 546 3·
534 450 575 522 in
600 447 796 550 systemate
821 451 1052 528 circulatorio
1070 458 1136 536 vix

158 569 398 644 inveniuntur
421 567 566 668 turbae,
592 572 622 642 si
648 569 795 670 pulsum
815 597 945 671 parum
971 573 1136 650 debilem
1199 658 1205 671 ι

80 697 112 754 '·
160 704 199 764 et
223 689 387 789 lentum,
417 689 520 791 quod
550 715 657 791 saepe
692 691 931 793 observatur,
961 697 1133 796 excipias.

159 811 406 888 Nihilominus
430 813 472 918 in
495 809 683 894 laboribus
713 815 788 888 suis
812 818 1032 916 persistunt,
1058 819 1134 893 nisi

160 933 282 1035 (quod
298 932 449 1036 quidem
466 946 542 1006 tam
561 935 771 1039 frequenter
786 937 924 1038 evenit,
940 953 982 1011 ut
996 940 1135 1013 Srnan-

159 1081 218 1130 rro
243 1081 312 1156 pro
336 1053 521 1156 Pellagrae
538 1037 785 1157 symptomate
803 1052 1049 1134 constantiore
1068 1047 1133 1134 ha-

158 1177 262 1268 bear)
283 1180 419 1278 spasmi
436 1161 704 1278 musculorum,
721 1195 758 1254 et
774 1183 988 1282 praeprimis
1006 1183 1134 1256 Cram-

158 1325 228 1402 pus
260 1300 450 1373 exoriatur.
477 1299 589 1392 Quod
623 1303 758 1401 spasmi
792 1327 907 1400 genus
938 1303 1132 1404 aliquoties

159 1420 252 1494 adeo
277 1418 475 1496 vehemens
502 1422 560 1519 fit,
586 1424 801 1526 ut-pessimi
824 1423 973 1496 effectus
998 1424 1133 1499 exinde

158 1555 360 1642 exsurgant.
387 1541 457 1617 Hic
483 1556 597 1616 status
624 1543 686 1642 qui
708 1549 869 1644 primum
885 1547 1132 1646 complctsta-

158 1666 279 1758 dium,
304 1665 699 1741 etium'delitescentt'ae
725 1665 886 1765 dictum,
905 1693 973 1767 per
989 1665 1150 1766 aliqnot·

158 1789 402 1888 septimanas,
427 1789 503 1862 imo
529 1800 566 1860 et
591 1813 658 1888 per
682 1811 821 1862 annum
844 1789 1026 1886 integrum
1051 1815 1154 1894 per-¹

161 1907 291 1984 durat
410 1958 413 1968 ·

87 2024 89 2028 ’
233 2031 292 2104 Eo
319 2044 484 2132 tempore
509 2029 673 2128 ardoris,
704 2030 888 2130 pruritus,
917 2029 1047 2104 caloris
1073 2030 1135 2104 fu-

159 2152 256 2252 gacis
281 2154 472 2253 perraria
498 2153 660 2254 corporis
691 2149 855 2226 membra
880 2143 1134 2253 proscipentis

157 2275 317 2354 sensatio
342 2274 502 2374 accedit,
530 2299 572 2346 ac
599 2275 710 2373 cutis,
730 2274 809 2346 'nisi
833 2273 935 2374 prius
950 2279 1024 2375 jam
1050 2300 1136 2349 cve-

157 2397 261 2488 nerit·
278 2396 328 2470 ad
353 2397 503 2472 dorsum
529 2418 731 2494 manuum,
765 2409 802 2468 et
834 2395 972 2495 pedum
996 2396 1136 2470 leniter

156 2513 366 2617 rubescere,
392 2544 435 2591 ac
458 2517 527 2590 suh
543 2517 710 2616 furfuris,
728 2530 792 2590 aut
807 2519 1136 2618 squamarumlon
1185 2615 1190 2626 ‚

155 2663 218 2714 ma
252 2639 392 2714 foederi
422 2639 563 2738 incipit.
596 2635 696 2712 llaec
731 2641 824 2712 cutis
857 2637 1017 2712 adlectio
1051 2664 1133 2714 non

135 2851 139 2859 ι
156 2785 300 2861 semper
323 2759 453 2834 eadem
478 2761 596 2868 formu
607 2774 784 2859 apparet3
801 2759 981 2833 aliienim
999 2759 1132 2835 ardore

45 2887 47 2896 ’
157 2871 321 2985 quodam
342 2885 504 2985 primum
529 2883 797 2981 corripiuntur,
823 2882 882 2956 cui
899 2880 987 2954 dein
1004 2893 1134 2956 r'oseus

155 3004 290 3106 rubor,
316 3018 353 3078 et
378 3003 583 3078 furfuracea
608 3001 844 3103 epidermidis
865 3003 1046 3103 separatio
1072 3029 1133 3078 ac·

78 3213 85 3222 .
156 3125 318 3227 cetlrrnt3v
336 3126 415 3200 aliis
440 3139 584 3226 praeter
599 3124 708 3212 ⁴dicta
723 3126 765 3198 in
782 3123 921 3226 amplas
938 3123 1131 3225 phlyctae-

155 3271 246 3347 nas,
271 3273 351 3322 sero
376 3245 562 3322 flavicanti
595 3243 781 3344 turgidas,
813 3247 917 3345 quasi
946 3245 1132 3344 ambustio

154 3373 407 3472 praecesserit,
432 3368 590 3444 cuticula
611 3364 790 3440 attollitur
796 3394 807 3465 3
825 3365 904 3441 aliis
922 3368 1060 3440 sensim
1078 3393 1131 3440 se-

154 3503 304 3592 paratur
329 3491 524 3591 epidermis
536 3490 745 3589 nigricans,
764 3501 801 3562 et
815 3489 1019 3586 exsiccata,
1037 3489 1139 3588 quin·

156 3611 267 3686 ardor
291 3612 458 3714 accedat,
480 3626 543 3685 aut
558 3612 692 3710 rubor3
708 3624 795 3684 sunt
809 3609 959 3712 plurimi
977 3609 1130 3696 tandem

156 3747 251 3836 quos
275 3735 467 3836 scissurae,
486 3747 530 3808 et
553 3731 796 3836 phlyctaenae
820 3732 1046 3808 adoriuntur.
1063 3731 1131 3804 Aet
