2626 4470
971 208 1041 305 ιιι

97 323 310 426 plurimum.
341 323 517 416 eamdem
542 324 583 400 in
615 325 882 404 nutrimentum
910 351 1069 408 corrner-

110 460 201 544 tunt,
221 445 459 520 nihilominus
483 446 564 520 sani
580 445 728 544 vi-vuut,
745 471 814 522 nec
839 473 1003 550 uuqraam
1021 451 1069 528 ab

108 563 368 659 itincpatoribus
392 566 554 668 Pellagra
580 565 780 642 interillos
803 569 1067 674 inveniebatur.

178 688 341 766 Οιιοιιιιι
367 691 567 790 generatim
599 689 738 774 victum
770 689 972 786 fancorum
1008 720 1075 768 ac·-

109 823 227 908 cusat,
258 825 306 884 ct»
330 809 428 911 hoc,
460 825 502 884 ut
531 809 595 884 ille
620 810 729 910 dicit,
753 826 906 914 propter
935 812 1069 890 collam

107 933 143 1004 iu
168 864 334 1006 iirinosis
359 867 590 1030 coritentam,
618 957 711 1032 quac
737 931 837 1028 facili
862 936 1011 1034 negotio
1027 937 1069 1010 in
1184 925 1188 935 ’

105 1055 356 1152 acrimoniam,
380 1055 434 1128 sic
460 1052 597 1130 dictam
631 1053 815 1128 acidam
804 1081 847 1128 ιιι
877 1055 1070 1134 ἰιοιιιιιΙιο

108 1177 191 1277 ruit,
217 1201 312 1278 quae
337 1189 426 1248 tuuc
446 1173 548 1250 ultra
573 1200 740 1276 pervasa
755 1174 982 1277 lymphatica
1004 1177 1069 1252 ab·

106 1311 240 1400 sorpta,
266 1298 378 1371 totius
402 1321 540 1370 massae
556 1298 740 1396 s‘anguinis
756 1302 1069 1400 communicatur,
1154 1297 1157 1304 ’

107 1419 366 1520 corrumpitur,
389 1410 429 1491 ‘et
452 1418 504 1492 sic
528 1416 712 1516 Pellagrac
737 1443 864 1492 ansam
888 1421 1050 1520 praebet.

164 1601 168 1610 ,
202 1537 362 1612 sedulii
387 1540 498 1613 etism
524 1537 691 1642 homines
717 1553 861 1640 praeter
875 1539 1069 1643 agricolas,

108 1661 183 1736 aliis
206 1663 246 1764 in
275 1659 493 1762 regionibps
506 1661 586 1744 [ιιι.
608 1663 718 1736 meris
744 1662 912 1742 sarinosis
928 1645 1070 1765 vireant,
1107 1727 1109 1732 ,

108 1807 196 1882 quse
223 1795 321 1857 certe
343 1789 523 1884 majorem
549 1781 664 1856 oollae
688 1783 836 1884 copiam
861 1785 1076 1885 continent,
1108 1807 1110 1811 ’
1206 1783 1210 1790 '

109 1929 215 2002 quam
239 1905 312 1976 Zea
333 1903 455 2004 Mays,
480 1918 518 1977 et
542 1903 667 1978 tamen
692 1901 792 2050 apud
807 1901 889 2024 illos
906 1930 984 1980 non
1006 1931 1071 2016 no·
1097 2019 1100 2023 ι

109 2025 218 2116 scitur
243 2024 419 2124 Pellagra.
494 2083 502 2098 .

177 2146 250 2221 Alii
275 2171 364 2235 vero
391 2144 564 2244 credunt,
588 2145 791 2245 Pellagram
823 2146 868 2221 cri
901 2147 1071 2246 contagio

109 2265 256 2366 exoriri:
283 2282 339 2340 ast
362 2269 393 2340 si
425 2201 640 2368 respicimus
665 2281 723 2341 tot
746 2267 965 2370 pellagrosos
988 2268 1073 2370 plu·
1186 2267 1189 2277 ¹

106 2413 160 2487 ras
184 2385 308 2462 annos
328 2414 395 2490 per
419 2391 521 2466 vicos
546 2413 684 2494 errare,
707 2390 748 2462 iu
771 2388 974 2480 ,domiciliis
1006 2415 1071 2462 an-
1159 2425 1162 2432 ·

106 2511 215 2607 gustis
229 2511 330 2584 inter
343 2531 554 2584 numerosas
570 2509 724 2584 familias
740 2509 880 2610 degere,
898 2513 1073 2611 segnatos

107 2645 142 2704 et
163 2645 333 2732 parentes
357 2631 486 2712 iisdem
501 2630 832 2734 suppellectilibus,
847 2631 1078 2708 assumentis

65 2731 68 2746 ’
108 2755 180 2854 uti,
206 2753 344 2829 eodem.
355 2753 540 2830 cochleari
558 2751 662 2828 cibos
679 2752 859 2852 ingerere,
884 2737 1081 2830 communi

108 2903 126 2950 e
143 2875 279 2978 poculo
292 2874 440 2975 bibere,
456 2875 665 2950 communia
678 2871 814 2946 habere
828 2872 957 2973 officia,
974 2899 1075 2976 prae·

108 3011 204 3072 terea
228 2998 403 3073 maritum
429 3021 514 3071 cum
542 3019 655 3069 uxore
686 2991 889 3094 pollagrosa
922 2995 1073 3069 decum-

107 3117 210 3219 bere,
237 3132 275 3194 et
298 3119 380 3194 vice
404 3142 527 3218 versa,
551 3143 594 3192 ac
620 3113 715 3192 filios
740 3138 948 3217 procreare,
982 3118 1073 3218 quin

109 3255 233 3315 tamen
259 3239 496 3314 adficiuntur:
511 3237 672 3313 *undem
699 3238 732 3311 si
755 3233 1072 3340 experimentum.
1115 3229 1125 3260 ⁸

110 3361 353 3460 Gnaanrnro,
379 3359 442 3461 qui
466 3385 519 3436 ex
536 3357 690 3436 consilio
716 3357 909 3436 humorem
933 3381 981 3434 ex
996 3385 1075 3434 ma-

108 3485 205 3568 xime
220 3479 430 3584 pellagiusis
454 3495 657 3556 scatentem
681 3475 752 3553 sibi
772 3477 971 3585 adplicuit,
993 3506 1077 3584 por·

109 3627 151 3676 ro
175 3601 241 3676 illu
266 3602 320 3676 Cl.
337 3604 521 3702 Burrvaa,
547 3603 611 3706 qui
624 3599 697 3674 sibi
712 3600 790 3700 ipse
808 3600 978 3700 salivam,
993 3623 1075 3674 sarr·
1100 3635 1103 3642 ·

114 3720 278 3825 guinem,
304 3738 342 3798 et
364 3725 553 3800 materiem
584 3747 626 3806 cx
651 3719 765 3824 plagis
792 3721 886 3814 cutis
911 3721 1075 3796 adfectas
