2628 4476
410 341 417 358 ,
1005 276 1050 352 3ι

111 389 226 486 febres
260 373 393 472 durare
425 407 604 497 putemus.
630 391 963 472 Eaamlremua’bus
995 421 1081 472 uon·

110 527 180 612 tra,
213 529 253 590 et
285 515 435 616 quidem
459 517 656 616 diuorum,
681 539 768 590 sane
793 541 871 591 non
896 530 969 614 est,
995 543 1079 597 eum

107 635 204 735 quod
230 663 312 712 uon
338 663 565 716 annumeres.
594 637 719 729 Quum
744 660 840 728 vero¹
857 635 906 712 oh
931 637 1081 738 longam

106 757 262 834 demum'
291 785 434 836 moram
467 760 562 834 eutis
587 759 748 860 functio,
771 759 811 834 ui
836 762 984 860 penitus
996 752 1081 836 tol·

103 877 222 980 latur,
241 883 520 1011 maximopere
517 893 642 958 tamen
667 879 852 981 laedatur,
877 896 1081 984 praeterea-

102 1023 170 1100 qua
196 1003 415 1079 nutritionis
437 975 574 1076 muirus
592 999 805 1102 labescatf
792 1019 845 1078 ιιι·
855 1006 990 1080 misero
1012 1005 1079 1080 ho·

95 1123 218 1225 mine,
247 1148 369 1226 quem
386 1123 451 1200 diu
476 1125 739 1200 excruciaverit
771 1123 955 1201 horrenda
989 1127 1081 1202 haec

101 1243 220 1346 labes,
246 1272 293 1323 ea
317 1245 470 1324 tandem
495 1247 694 1346 organismi
718 1223 905 1350 corruptio
931 1251 1079 1350 oriatur,

101 1392 250 1443 rreoesae
284 1382 362 1464 est,
395 1353 507 1468 quam
527 1365 761 1462 ,eucherium
792 1367 932 1444 dicunt.
969 1371 1079 1444 Hisce

101 1487 309 1588 expeditis,
339 1483 494 1569 abstrusi
514 1487 616 1567 mali
641 1503 810 1568 naturam
836 1489 929 1564 adeo
956 1506 1081 1564 tamen

99 1593 850 1712 perspectamnoguitamquehabemus,ut
863 1610 1082 1688 intereran-

99 1731 266 1810 tlaemote
291 1730 567 1833 caudamque
591 1729 692 1808 idem
716 1731 851 1810 referre
877 1731 1084 1808 audeamus.

159 1853 396 1934 Generali
386 1879 461 1928 ram
495 1851 655 1928 exhibita
687 1851 809 1928 morbi
840 1851 949 1953 idea,
975 1853 1081 1930 ducit

66 2068 72 2076 ι
100 1999 167 2051 nos
191 1975 356 2052 instituti
380 1956 495 2073 ratio,
519 1989 562 2048 nt
587 2001 672 2050 cum
697 1976 746 2050 iis
766 1907 1079 2076 aegritudinibus,
1196 2079 1199 2087 Ι
1243 2079 1247 2086 Ι

103 2097 327 2195 quibuscum
359 2093 637 2170 similitudinem
670 2095 830 2196 aliquam
862 2094 999 2172 habere
1025 2101 1081 2173 vi-

103 2216 255 2315 deatur,
282 2241 368 2290 aum
393 2209 667 2317 mmparemus3
692 2215 794 2317 quod
819 2219 1007 2317 negotium
1032 2245 1077 2294 eo

102 2334 218 2437 inagis
245 2327 493 2413 necesarium·
509 2351 582 2439 ast,
608 2335 710 2437 quod
729 2333 789 2412 vel
813 2338 911 2412 inter
936 2337 1081 2413 hodier-

103 2483 171 2534 nos
198 2454 429 2562 madiooa'de
446 2465 595 2558 genera,
612 2443 686 2558 quo
710 2459 909 2558 pertineat,
928 2462 1080 2534 minime

106 2582 295 2656 convenit.
320 2579 498 2656 Omnium
524 2603 630 2679 vero,
655 2579 719 2680 qui
748 2576 794 2652 de
820 2593 946 2656 nostro
972 2569 1082 2662 erran·

106 2683 271 2782 themate
294 2702 546 2803 seripserunt,
567 2701 773 2776 examinare
798 2705 996 2776 sententias
1021 2707 1082 2778 vix

107 2846 200 2924 opus
227 2836 438 2922 estpquare
455 2837 493 2898 et
510 2846 573 2898 eos
589 2835 876 2923 praetereamus,
901 2823 982 2924 qui,
1009 2827 1080 2924 ipsi

106 2969 182 3020 ιιοιι
207 2944 362 3040 medici,
388 2945 525 3047 peritos
549 2957 745 3046 repetunt,
773 2944 828 3018 uti
854 2925 984 3017 Wrusir
1008 2949 1081 3043 (1),

107 3068 213 3144 Luuu
240 3073 311 3165 (a),
336 3063 467 3143 Wrma
493 3065 542 3160 (3)
567 3065 702 3169 aliique
723 3061 953 3180 complures,
972 3079 1081 3165 atque

110 3551 150 3615 (r)
167 3545 331 3618 spyoeberg.
349 3545 480 3615 Praesteg
498 3545 591 3600 Beslr.
607 3546 706 3602 Christ.
729 3563 801 3618 1799.
819 3565 846 3620 p.
864 3547 923 3626 437.

109 3642 149 3702 (ι)
165 3634 286 3688 Beskriv.
303 3649 369 3690 orer
383 3618 476 3687 'ovre-
481 3631 677 3707 Tallemarlen.
690 3631 798 3688 Kbhvn.
815 3635 888 3704 1785.
899 3653 926 3704 p
942 3649 997 3704 ¹77·
1018 3635 1073 3702 178.

108 3723 149 3788 (3)
166 3721 483 3788 Beskr.overSrlle10rds
501 3719 659 3790 Praestsg.
652 3739 661 3772 ι
678 3719 764 3774 Orre
766 3719 962 3775 Tallemarkan.
975 3719 1075 3777 Kblrvu

171 3811 245 3884 1786.
263 3827 290 3882 p.
308 3811 421 3882 alipopo
422 3847 431 3865 .
