2612 4474
126 1427 192 1580 Si
216 1499 397 1606 spyrido
421 1497 620 1578 Pandorae·
643 1497 737 1576 nlins
764 1497 887 1574 nullus
913 1497 1093 1583 evolasset

123 1621 275 1720 morbus
298 1625 446 1726 praeter
465 1621 623 1726 plicam,
648 1620 832 1696 maloram
856 1645 950 1724 quae
983 1605 1097 1722 genus

63 1814 74 1825 ,
123 1741 328 1820 humanum
358 1743 574 1818 infestarent
605 1743 692 1818 satis
724 1765 906 1844 superque
937 1739 1096 1817 habere-v
1146 1752 1153 1768 '

121 1857 213 1942 mus.
239 1863 364 1958 Quum
391 1865 493 1940 enim
522 1861 676 1938 afiorum
711 1861 981 1968 aegritudinem
1014 1887 1094 1966 ma·
1197 1963 1200 1968 Ι

123 1987 222 2064 xima
268 2011 351 2087 pars
389 2010 467 2062 non
507 1986 579 2060 nisi
619 2011 738 2064 unum
775 1987 938 2088 eorporis
981 1987 1100 2062 nostri

123 2121 283 2212 systema
308 2105 367 2183 vel
391 2129 509 2182 unum
533 2108 611 2180 eius
636 2131 803 2208 organon
825 2091 1101 2208 aggrediantnr3

100 2305 104 2314 ,
121 2228 275 2312 morbus
311 2223 471 2331 plicosus
496 2222 569 2304 hoo
582 2227 657 2304 sibi
673 2225 759 2304 o'um
774 2231 901 2331 paucis
918 2229 997 2306 aliis
1016 2255 1100 2332 pro·

120 2352 248 2462 prium
271 2349 399 2456 habet,
424 2360 467 2424 ut
491 2349 583 2426 nulli
599 2350 792 2426 machinae
805 2349 997 2426 'humanae
1014 2350 1101 2430 loco

120 2485 261 2580 pareat.
286 2471 398 2548 Caius
423 2475 623 2548 sententiae
649 2475 846 2578 rationem,
880 2487 922 2547 ut
954 2473 1100 2548 idoneis

119 2593 345 2696 argumentis
370 2592 547 2696 tardeque
570 2591 742 2696 probem,
766 2595 808 2670 in
841 2589 1098 2669 dissertatione

120 2713 194 2798 ltao
218 2711 421 2816 inaugurali
444 2713 649 2816 perieulum
678 2713 800 2814 farere
826 2737 974 2790 meeum
1007 2737 1100 2790 eon·

120 2835 235 2916 stinxi.
260 2835 336 2912 Neo
360 2837 500 2938 incepti
524 2837 679 2937 gravitas
694 2861 756 2910 me
771 2835 877 2938 latet,
895 2860 1006 2940 quam
1022 2839 1098 2911 iam

120 2955 215 3034 inde
234 2957 409 3058 eognosoi
433 2954 538 3057 lieet,
564 2955 666 3061 quod
689 2983 767 3033 non
784 2969 919 3034 ounotn
932 2955 1097 3060 phaeno-

121 3103 232 3156 mena
258 3104 351 3182 qnae
375 3079 417 3156 in
441 3081 595 3180 aegrotis
619 3079 718 3183 plica
731 3170 736 3184 s
749 3079 1001 3156 laborantibus
1032 3077 1100 3156 ob-

122 3202 277 3280 veniunt
282 3221 377 3303 ‚pto
395 3190 784 3305 vereplieosiehnberi
801 3203 928 3278 fassit.
946 3201 1106 3297 Constat

120 3323 223 3398 enim
246 3320 418 3398 morbum
442 3321 624 3426 plioosum
649 3351 736 3403 cum
757 3324 923 3428 plurimis
940 3323 1021 3402 aliis
1039 3351 1099 3402 oo·

120 3442 290 3548 palatum
314 3469 410 3545 esse,
435 3443 538 3548 qtrod
568 3445 660 3522 dum
687 3445 845 3538 assidit,
880 3447 1098 3550 perdifficile

119 3589 229 3670 saepe
254 3579 324 3667 est,
348 3581 593 3676 symptomata
619 3567 807 3674 implicata
831 3572 884 3646 ita
909 3563 1095 3646 discerne-

121 3711 178 3787 τε,
205 3699 249 3784 ut
271 3715 379 3774 suum
403 3689 535 3794 cuique
560 3689 691 3793 morito
714 3691 1097 3794 tribnatnrzquando·

123 3805 273 3912 quidem
297 3809 338 3887 id
361 3809 482 3891 solum
506 3826 718 3918 symptoma
739 3839 810 3921 pro
838 3815 980 3916 ptcoso
1010 3839 1098 3892 vere

596 4097 634 4134 N.
