2612 4474
923 365 925 368 .
955 293 1024 372 ¹97

110 419 112 426 ¹
147 385 411 484 Deficientibus
426 387 636 477 maritimis,
654 385 897 460 adhibeantur
917 379 1050 462 balnea
1181 459 1186 466 .

76 489 199 614 tepida
224 535 428 611 saponacea
454 524 491 583 et
516 507 811 616 sulphuricah(1)
844 507 1048 610 balneaque

85 659 124 707 ex
144 621 257 707 multo
270 627 521 706 :frumentario
528 687 539 730 ‚
566 657 610 703 ex
634 628 757 702 herbis
780 629 1049 705 resolventibus
1136 662 1138 666 ¹

83 771 117 831 et
139 755 345 830 aromaticis
372 752 423 850 (a)
448 766 592 854 parata,
618 752 741 826 omnia
767 756 841 824 uua
875 777 961 824 cum
992 757 1051 829 in·
1094 839 1098 848 ι

82 875 189 951 ternis
222 877 418 970 coniuncta
450 873 638 964 remediis,
670 871 953 976 prohibentibus
982 875 1049 964 iis,

82 1023 126 1071 ue
149 995 354 1098 perniciosa
379 995 581 1068 metastasis
606 995 706 1069 intus
734 1009 905 1072 vertatur.

149 1115 371 1198 Balneorum
384 1115 580 1218 applicatio
596 1116 749 1191 consilio
761 1143 844 1192 meo
859 1141 1050 1218 nunquam

80 1263 154 1313 non
189 1236 396 1337 respondet.
429 1237 590 1336 Urgente
625 1238 809 1337 periculo,
842 1240 1044 1339 ceterisque

83 1356 501 1448 deficientibusbalneis,
514 1359 589 1430 iam
602 1357 678 1431 sola
692 1383 785 1460 aqua
799 1358 922 1460 tepida
936 1359 1048 1436 iuvat.

149 1481 349 1582 Praecipue
372 1505 461 1556 vero
487 1505 633 1553 necesse
659 1493 730 1579 est,
757 1493 799 1555 ut
827 1482 920 1553 cutis
942 1503 1051 1555 mun-

80 1596 181 1678 ditiei
217 1609 383 1699 aegrotus
411 1610 557 1701 semper
587 1601 749 1702 itemque
768 1599 994 1676 linteomm-
1013 1615 1051 1676 ct

76 1725 378 1802 vestimentorum
402 1724 450 1796 sit
474 1721 665 1797 studiosus.
694 1722 807 1796 Cuius
831 1723 883 1796 rei
916 1748 1050 1822 magna

79 1846 266 1948 multaque
292 1869 379 1921 cura
403 1845 445 1922 in
468 1843 541 1918 illis
564 1844 774 1944 regionibus
800 1838 957 1918 nonest
989 1870 1049 1922 su·
1129 1869 1132 1877 ·

78 1963 228 2074 perflue.
666 1973 669 1980 ’
701 1984 705 1988 ’
1035 2037 1037 2042 ,

84 2137 87 2142 -
152 2087 263 2164 Haud
287 2088 410 2162 minus
432 2087 560 2164 iuvant
579 2089 795 2162 frictiones*
811 2089 887 2171 cuti
913 2086 1045 2162 leniter
1146 2102 1155 2120 ·

76 2209 291 2314 applicatae.
313 2208 520 2284 Necessaria
543 2207 723 2304 exhalatio
745 2223 900 2284 cutanea
921 2226 959 2286 et
974 2211 1050 2306 uri‘q

74 2357 147 2406 nae
182 2330 334 2404 secretio
372 2328 543 2404 remediis
579 2330 878 2406 antimonialibus
890 2387 901 2431 ‚
939 2335 1050 2434 au'pra

68 2455 151 2527 iam
177 2447 460 2542 commendatis,
486 2443 670 2526 efficitur(
897 2541 899 2546 Ι

152 2569 391 2669 Vulneribus,
414 2569 599 2644 ulceribus
620 2585 658 2644 et
684 2567 784 2645 duris
810 2561 939 2645 crustis
965 2569 1045 2646 chi·

71 2693 199 2792 rurgia
235 2688 450 2766 medebitur.
491 2693 564 2766 Pro
606 2717 645 2766 re
684 2704 770 2765 nata
809 2704 898 2764 tunc
940 2689 1079 2787 adlui-¹

71 2814 156 2889 beri
190 2825 348 2914 'possunt
380 2811 496 2912 tepidi
532 2837 708 2912 vapores,
743 2809 1054 2913 sementationem·

73 2931 338 3036 cataplasmata
361 2933 535 3008 lenientis
561 2926 598 3006 e't
623 2931 864 3023 emollienda,
890 2957 920 3006 e.
949 2959 980 3032 g.
1004 2961 1048 3012 ex

71 3051 240 3154 althaea,
265 3053 404 3154 malva,
428 3055 565 3128 semiue
600 3053 668 3128 lini
694 3068 860 3132 etc-'nec
894 3081 972 3130 non
1003 3035 1070 3130 li!

18 3195 27 3216 ·
70 3181 267 3277 nimenta,
298 3167 482 3277 unguenta
494 3197 508 3269 3
540 3177 693 3276 axungia
726 3178 903 3278 porcina,
934 3173 1047 3279 buty-

68 3325 160 3374 rum
186 3324 313 3374 reeens
347 3298 574 3400 consectum,
607 3323 677 3372 uec
707 3323 785 3374 non
813 3321 958 3374 cremor
983 3299 1046 3400 qui

417 3570 706 3596 m

70 3719 118 3782 (ι)
138 3666 286 3783 l‘mcorn}
304 3713 323 3768 l.
341 3731 365 3768 c.
381 3713 510 3783 an,
527 3713 547 3768 l.
565 3730 589 3768 c.

70 3808 118 3872 (a)
138 3801 268 3875 Sauras,
284 3807 439 3860 manent.
456 3801 572 3874 ubuum.
588 3800 646 3858 obs.
662 3819 706 3875 07.
722 3819 750 3876 p·
768 3799 827 3874 ὅσς’.
