<?xml version="1.0" encoding="UTF-8"?>
<!DOCTYPE html PUBLIC "-//W3C//DTD XHTML 1.0 Transitional//EN"
    "http://www.w3.org/TR/xhtml1/DTD/xhtml1-transitional.dtd">
<html xmlns="http://www.w3.org/1999/xhtml" xml:lang="en" lang="en">
 <head>
  <title>
</title>
<meta http-equiv="Content-Type" content="text/html;charset=utf-8" />
  <meta name='ocr-system' content='tesseract 3.04.00' />
  <meta name='ocr-capabilities' content='ocr_page ocr_carea ocr_par ocr_line ocrx_word'/>
</head>
<body>
  <div class='ocr_page' id='page_1' title='image "./delectusopuscul01frangoog_0094.png"; bbox 0 0 2626 4470; ppageno 0'>
   <div class='ocr_carea' id='block_1_1' title="bbox 22 363 1190 3834">
    <p class='ocr_par' dir='ltr' id='par_1_1' title="bbox 22 363 1190 3834">
     <span class='ocr_line' id='line_1_1' title="bbox 22 363 1063 472; baseline -0.005 -28"><span class='ocrx_word' id='word_1_1' title='bbox 22 409 23 412; x_wconf 33' lang='lat'>¹</span> <span class='ocrx_word' id='word_1_2' title='bbox 111 366 332 472; x_wconf 89' lang='lat' dir='ltr'>popularium</span> <span class='ocrx_word' id='word_1_3' title='bbox 357 364 464 440; x_wconf 86' lang='lat' dir='ltr'>saluti</span> <span class='ocrx_word' id='word_1_4' title='bbox 489 363 627 465; x_wconf 89' lang='lat' dir='ltr'>optime</span> <span class='ocrx_word' id='word_1_5' title='bbox 652 363 923 465; x_wconf 84' lang='lat' dir='ltr'>prospicientis,</span> <span class='ocrx_word' id='word_1_6' title='bbox 953 391 1063 466; x_wconf 90' lang='lat' dir='ltr'>quam</span> 
     </span>
     <span class='ocr_line' id='line_1_2' title="bbox 109 484 1064 592; baseline -0.003 -28"><span class='ocrx_word' id='word_1_7' title='bbox 109 491 271 592; x_wconf 82' lang='lat' dir='ltr'>penitiori</span> <span class='ocrx_word' id='word_1_8' title='bbox 297 485 499 562; x_wconf 83' lang='lat' dir='ltr'><strong>horrendae</strong></span> <span class='ocrx_word' id='word_1_9' title='bbox 524 484 594 558; x_wconf 88' lang='lat' dir='ltr'>luis</span> <span class='ocrx_word' id='word_1_10' title='bbox 616 485 823 584; x_wconf 77' lang='lat' dir='ltr'>cognitione</span> <span class='ocrx_word' id='word_1_11' title='bbox 844 484 976 560; x_wconf 79' lang='lat' dir='ltr'>imbuti</span> <span class='ocrx_word' id='word_1_12' title='bbox 1002 488 1064 561; x_wconf 89' lang='lat' dir='ltr'>fir·</span> 
     </span>
     <span class='ocr_line' id='line_1_3' title="bbox 109 605 1065 704; baseline -0.002 -21"><span class='ocrx_word' id='word_1_13' title='bbox 109 611 260 683; x_wconf 89' lang='lat' dir='ltr'>missima</span> <span class='ocrx_word' id='word_1_14' title='bbox 280 631 370 680; x_wconf 87' lang='lat' dir='ltr'>sane</span> <span class='ocrx_word' id='word_1_15' title='bbox 396 619 606 703; x_wconf 87' lang='lat' dir='ltr'>argumenta</span> <span class='ocrx_word' id='word_1_16' title='bbox 631 605 772 678; x_wconf 88' lang='lat' dir='ltr'>sistunt.</span> <span class='ocrx_word' id='word_1_17' title='bbox 790 605 958 704; x_wconf 88' lang='lat' dir='ltr'>AEgrotos</span> <span class='ocrx_word' id='word_1_18' title='bbox 976 631 995 680; x_wconf 87' lang='lat' dir='ltr'>a</span> <span class='ocrx_word' id='word_1_19' title='bbox 1012 632 1065 680; x_wconf 89' lang='lat' dir='ltr'>sa·</span> 
     </span>
     <span class='ocr_line' id='line_1_4' title="bbox 108 725 1064 828; baseline -0.002 -26"><span class='ocrx_word' id='word_1_20' title='bbox 108 733 160 802; x_wconf 93' lang='lat' dir='ltr'>nis</span> <span class='ocrx_word' id='word_1_21' title='bbox 173 729 330 828; x_wconf 77' lang='lat' dir='ltr'>separari</span> <span class='ocrx_word' id='word_1_22' title='bbox 343 740 513 825; x_wconf 84' lang='lat' dir='ltr'>extraque</span> <span class='ocrx_word' id='word_1_23' title='bbox 530 741 646 798; x_wconf 85' lang='lat' dir='ltr'>castra</span> <span class='ocrx_word' id='word_1_24' title='bbox 659 725 822 799; x_wconf 88' lang='lat' dir='ltr'>habitare</span> <span class='ocrx_word' id='word_1_25' title='bbox 838 727 934 800; x_wconf 86' lang='lat' dir='ltr'>solos</span> <span class='ocrx_word' id='word_1_26' title='bbox 950 730 1064 826; x_wconf 78' lang='lat' dir='ltr'>jussit,</span> 
     </span>
     <span class='ocr_line' id='line_1_5' title="bbox 108 845 1064 946; baseline -0.004 -22"><span class='ocrx_word' id='word_1_27' title='bbox 108 850 339 924; x_wconf 77' lang='lat' dir='ltr'>salubriorem</span> <span class='ocrx_word' id='word_1_28' title='bbox 376 847 532 922; x_wconf 81' lang='lat' dir='ltr'>diaetam</span> <span class='ocrx_word' id='word_1_29' title='bbox 569 845 833 946; x_wconf 82' lang='lat' dir='ltr'>sollicitamque</span> <span class='ocrx_word' id='word_1_30' title='bbox 870 847 1064 920; x_wconf 90' lang='lat' dir='ltr'>munditiei</span> 
     </span>
     <span class='ocr_line' id='line_1_6' title="bbox 109 947 1063 1067; baseline -0.004 -23"><span class='ocrx_word' id='word_1_31' title='bbox 109 996 227 1044; x_wconf 87' lang='lat' dir='ltr'>curam</span> <span class='ocrx_word' id='word_1_32' title='bbox 252 967 525 1044; x_wconf 86' lang='lat' dir='ltr'>commendavit</span> <span class='ocrx_word' id='word_1_33' title='bbox 543 947 725 1064; x_wconf 88' lang='lat' dir='ltr'>legislator</span> <span class='ocrx_word' id='word_1_34' title='bbox 745 967 806 1040; x_wconf 91' lang='lat' dir='ltr'>ille</span> <span class='ocrx_word' id='word_1_35' title='bbox 825 967 970 1042; x_wconf 92' lang='lat' dir='ltr'>divinus</span> <span class='ocrx_word' id='word_1_36' title='bbox 976 995 988 1067; x_wconf 76' lang='lat'>5</span> <span class='ocrx_word' id='word_1_37' title='bbox 1004 993 1063 1042; x_wconf 90' lang='lat' dir='ltr'>ve·</span> 
     </span>
     <span class='ocr_line' id='line_1_7' title="bbox 107 1087 1118 1194; baseline -0.004 -28"><span class='ocrx_word' id='word_1_38' title='bbox 107 1117 183 1166; x_wconf 90' lang='lat' dir='ltr'>rum</span> <span class='ocrx_word' id='word_1_39' title='bbox 208 1116 324 1192; x_wconf 89' lang='lat' dir='ltr'>quum</span> <span class='ocrx_word' id='word_1_40' title='bbox 348 1088 504 1187; x_wconf 80' lang='lat' dir='ltr'>lepram,</span> <span class='ocrx_word' id='word_1_41' title='bbox 529 1087 636 1163; x_wconf 87' lang='lat' dir='ltr'>sicuti</span> <span class='ocrx_word' id='word_1_42' title='bbox 654 1102 796 1162; x_wconf 85' lang='lat' dir='ltr'>coetera</span> <span class='ocrx_word' id='word_1_43' title='bbox 814 1091 938 1164; x_wconf 89' lang='lat' dir='ltr'>omnia</span> <span class='ocrx_word' id='word_1_44' title='bbox 954 1087 1062 1188; x_wconf 89' lang='lat' dir='ltr'>mala,</span> <span class='ocrx_word' id='word_1_45' title='bbox 1116 1187 1118 1194; x_wconf 21' lang='grc' dir='ltr'>Ι</span> 
     </span>
     <span class='ocr_line' id='line_1_8' title="bbox 108 1208 1063 1310; baseline -0.001 -26"><span class='ocrx_word' id='word_1_46' title='bbox 108 1212 149 1285; x_wconf 90' lang='lat' dir='ltr'>ab</span> <span class='ocrx_word' id='word_1_47' title='bbox 163 1214 256 1286; x_wconf 89' lang='lat' dir='ltr'>irato</span> <span class='ocrx_word' id='word_1_48' title='bbox 274 1211 423 1284; x_wconf 88' lang='lat' dir='ltr'>numine</span> <span class='ocrx_word' id='word_1_49' title='bbox 439 1208 487 1282; x_wconf 91' lang='lat' dir='ltr'>ob</span> <span class='ocrx_word' id='word_1_50' title='bbox 503 1223 708 1310; x_wconf 83' lang='lat' dir='ltr'>perpetrata</span> <span class='ocrx_word' id='word_1_51' title='bbox 729 1210 881 1284; x_wconf 75' lang='lat' dir='ltr'>erimina</span> <span class='ocrx_word' id='word_1_52' title='bbox 904 1209 1063 1285; x_wconf 90' lang='lat' dir='ltr'>homini·</span> 
     </span>
     <span class='ocr_line' id='line_1_9' title="bbox 106 1323 1064 1430; baseline -0.001 -23"><span class='ocrx_word' id='word_1_53' title='bbox 106 1323 170 1408; x_wconf 90' lang='lat' dir='ltr'>bus</span> <span class='ocrx_word' id='word_1_54' title='bbox 193 1334 293 1406; x_wconf 82' lang='lat' dir='ltr'>mitti</span> <span class='ocrx_word' id='word_1_55' title='bbox 316 1329 496 1406; x_wconf 71' lang='lat' dir='ltr'>tanatue</span> <span class='ocrx_word' id='word_1_56' title='bbox 518 1341 707 1430; x_wconf 81' lang='lat' dir='ltr'>putarent,</span> <span class='ocrx_word' id='word_1_57' title='bbox 723 1328 771 1402; x_wconf 87' lang='lat' dir='ltr'>ad</span> <span class='ocrx_word' id='word_1_58' title='bbox 786 1331 903 1402; x_wconf 91' lang='lat' dir='ltr'>Deum</span> <span class='ocrx_word' id='word_1_59' title='bbox 920 1329 1064 1429; x_wconf 89' lang='lat' dir='ltr'>placan-</span> 
     </span>
     <span class='ocr_line' id='line_1_10' title="bbox 107 1449 1060 1554; baseline -0.003 -26"><span class='ocrx_word' id='word_1_60' title='bbox 107 1451 571 1554; x_wconf 88' lang='lat' dir='ltr'>dumsapiensidemMoses</span> <span class='ocrx_word' id='word_1_61' title='bbox 583 1449 836 1548; x_wconf 81' lang='lat' dir='ltr'>fumigationes</span> <span class='ocrx_word' id='word_1_62' title='bbox 845 1449 1060 1552; x_wconf 89' lang='lat' dir='ltr'>piaculaque</span> 
     </span>
     <span class='ocr_line' id='line_1_11' title="bbox 106 1569 1066 1672; baseline -0.004 -24"><span class='ocrx_word' id='word_1_63' title='bbox 106 1574 326 1663; x_wconf 78' lang='lat' dir='ltr'>instituerat,</span> <span class='ocrx_word' id='word_1_64' title='bbox 352 1596 444 1672; x_wconf 87' lang='lat' dir='ltr'>quae</span> <span class='ocrx_word' id='word_1_65' title='bbox 466 1573 498 1644; x_wconf 88' lang='lat' dir='ltr'>si&#39;</span> <span class='ocrx_word' id='word_1_66' title='bbox 517 1569 660 1645; x_wconf 75' lang='lat' dir='ltr'>Jehova</span> <span class='ocrx_word' id='word_1_67' title='bbox 677 1570 858 1670; x_wconf 86' lang='lat' dir='ltr'>propitius</span> <span class='ocrx_word' id='word_1_68' title='bbox 873 1571 1066 1670; x_wconf 79' lang='lat' dir='ltr'>acciperet,</span> 
     </span>
     <span class='ocr_line' id='line_1_12' title="bbox 105 1688 1066 1792; baseline -0.002 -24"><span class='ocrx_word' id='word_1_69' title='bbox 105 1695 237 1792; x_wconf 83' lang='lat' dir='ltr'>aegroti</span> <span class='ocrx_word' id='word_1_70' title='bbox 264 1719 285 1766; x_wconf 94' lang='lat' dir='ltr'>a</span> <span class='ocrx_word' id='word_1_71' title='bbox 311 1691 419 1768; x_wconf 84' lang='lat' dir='ltr'>foedo</span> <span class='ocrx_word' id='word_1_72' title='bbox 445 1690 576 1764; x_wconf 88' lang='lat' dir='ltr'>morbo</span> <span class='ocrx_word' id='word_1_73' title='bbox 591 1688 841 1764; x_wconf 84' lang='lat' dir='ltr'>liberarentur.</span> <span class='ocrx_word' id='word_1_74' title='bbox 857 1689 961 1762; x_wconf 88' lang='lat' dir='ltr'>Bona</span> <span class='ocrx_word' id='word_1_75' title='bbox 977 1714 1066 1766; x_wconf 84' lang='lat' dir='ltr'>vero</span> 
     </span>
     <span class='ocr_line' id='line_1_13' title="bbox 105 1800 1171 1914; baseline -0.003 -28"><span class='ocrx_word' id='word_1_76' title='bbox 105 1812 192 1888; x_wconf 84' lang='lat' dir='ltr'>haec</span> <span class='ocrx_word' id='word_1_77' title='bbox 213 1825 412 1914; x_wconf 85' lang='lat' dir='ltr'>praecepta</span> <span class='ocrx_word' id='word_1_78' title='bbox 434 1836 482 1884; x_wconf 86' lang='lat' dir='ltr'>an</span> <span class='ocrx_word' id='word_1_79' title='bbox 506 1812 603 1884; x_wconf 82' lang='lat' dir='ltr'>inter</span> <span class='ocrx_word' id='word_1_80' title='bbox 625 1807 783 1882; x_wconf 84' lang='lat' dir='ltr'>Judaeos</span> <span class='ocrx_word' id='word_1_81' title='bbox 807 1834 961 1910; x_wconf 85' lang='lat' dir='ltr'>scopum</span> <span class='ocrx_word' id='word_1_82' title='bbox 981 1835 1066 1910; x_wconf 87' lang='lat' dir='ltr'>per·</span> <span class='ocrx_word' id='word_1_83' title='bbox 1163 1800 1171 1812; x_wconf 47' lang='lat'>⁸</span> 
     </span>
     <span class='ocr_line' id='line_1_14' title="bbox 107 1929 1065 2032; baseline 0 -26"><span class='ocrx_word' id='word_1_84' title='bbox 107 1934 277 2032; x_wconf 76' lang='lat' dir='ltr'>fecerint,</span> <span class='ocrx_word' id='word_1_85' title='bbox 289 1957 366 2006; x_wconf 91' lang='lat' dir='ltr'>non</span> <span class='ocrx_word' id='word_1_86' title='bbox 384 1930 558 2005; x_wconf 86' lang='lat' dir='ltr'>audemus</span> <span class='ocrx_word' id='word_1_87' title='bbox 577 1929 714 2030; x_wconf 79' lang='lat' dir='ltr'>dicere5</span> <span class='ocrx_word' id='word_1_88' title='bbox 733 1955 819 2002; x_wconf 92' lang='lat' dir='ltr'>nam</span> <span class='ocrx_word' id='word_1_89' title='bbox 834 1929 881 2004; x_wconf 90' lang='lat' dir='ltr'>de</span> <span class='ocrx_word' id='word_1_90' title='bbox 898 1955 1065 2006; x_wconf 84' lang='lat' dir='ltr'>successu</span> 
     </span>
     <span class='ocr_line' id='line_1_15' title="bbox 105 2045 1075 2154; baseline -0.006 -24"><span class='ocrx_word' id='word_1_91' title='bbox 105 2054 156 2130; x_wconf 88' lang='lat' dir='ltr'>nil</span> <span class='ocrx_word' id='word_1_92' title='bbox 191 2053 355 2153; x_wconf 84' lang='lat' dir='ltr'>legimus.</span> <span class='ocrx_word' id='word_1_93' title='bbox 390 2053 445 2126; x_wconf 93' lang='lat' dir='ltr'>Ea</span> <span class='ocrx_word' id='word_1_94' title='bbox 478 2064 620 2150; x_wconf 77' lang='lat' dir='ltr'>mmen,</span> <span class='ocrx_word' id='word_1_95' title='bbox 655 2050 831 2152; x_wconf 90' lang='lat' dir='ltr'>quamdiu</span> <span class='ocrx_word' id='word_1_96' title='bbox 862 2045 1075 2154; x_wconf 47' lang='lat' dir='ltr'>Israelitaeg</span> 
     </span>
     <span class='ocr_line' id='line_1_16' title="bbox 105 2157 1190 2272; baseline -0.002 -24"><span class='ocrx_word' id='word_1_97' title='bbox 105 2174 274 2250; x_wconf 91' lang='lat' dir='ltr'>omnibus</span> <span class='ocrx_word' id='word_1_98' title='bbox 290 2177 386 2248; x_wconf 88' lang='lat' dir='ltr'>vitae</span> <span class='ocrx_word' id='word_1_99' title='bbox 411 2171 615 2247; x_wconf 85' lang='lat' dir='ltr'>commodis</span> <span class='ocrx_word' id='word_1_100' title='bbox 640 2170 818 2272; x_wconf 81' lang='lat' dir='ltr'>rebusque</span> <span class='ocrx_word' id='word_1_101' title='bbox 851 2172 899 2244; x_wconf 92' lang='lat' dir='ltr'>ad</span> <span class='ocrx_word' id='word_1_102' title='bbox 927 2173 1067 2266; x_wconf 83' lang='lat' dir='ltr'>vietum</span> <span class='ocrx_word' id='word_1_103' title='bbox 1150 2223 1155 2230; x_wconf 92' lang='lat'>-</span> <span class='ocrx_word' id='word_1_104' title='bbox 1185 2157 1190 2167; x_wconf 66' lang='grc'><strong>’</strong></span> 
     </span>
     <span class='ocr_line' id='line_1_17' title="bbox 105 2275 1066 2390; baseline -0.002 -22"><span class='ocrx_word' id='word_1_105' title='bbox 105 2295 313 2368; x_wconf 83' lang='lat' dir='ltr'>necessariis</span> <span class='ocrx_word' id='word_1_106' title='bbox 330 2291 466 2382; x_wconf 88' lang='lat' dir='ltr'>orbati,</span> <span class='ocrx_word' id='word_1_107' title='bbox 490 2294 530 2365; x_wconf 90' lang='lat' dir='ltr'>in</span> <span class='ocrx_word' id='word_1_108' title='bbox 546 2291 695 2366; x_wconf 75' lang='lat' dir='ltr'>desertis</span> <span class='ocrx_word' id='word_1_109' title='bbox 714 2291 878 2366; x_wconf 84' lang='lat' dir='ltr'>Arabicis</span> <span class='ocrx_word' id='word_1_110' title='bbox 894 2275 1066 2390; x_wconf 85' lang='lat' dir='ltr'>vagaren-</span> 
     </span>
     <span class='ocr_line' id='line_1_18' title="bbox 104 2410 1066 2517; baseline -0.003 -28"><span class='ocrx_word' id='word_1_111' title='bbox 104 2425 171 2516; x_wconf 86' lang='lat' dir='ltr'>tur,</span> <span class='ocrx_word' id='word_1_112' title='bbox 186 2441 266 2491; x_wconf 91' lang='lat' dir='ltr'>non</span> <span class='ocrx_word' id='word_1_113' title='bbox 281 2413 439 2488; x_wconf 89' lang='lat' dir='ltr'>multum</span> <span class='ocrx_word' id='word_1_114' title='bbox 454 2411 645 2514; x_wconf 83' lang='lat' dir='ltr'>proluisse,</span> <span class='ocrx_word' id='word_1_115' title='bbox 665 2411 865 2486; x_wconf 85' lang='lat' dir='ltr'>admodum</span> <span class='ocrx_word' id='word_1_116' title='bbox 877 2410 1066 2517; x_wconf 84' lang='lat' dir='ltr'>probabile</span> 
     </span>
     <span class='ocr_line' id='line_1_19' title="bbox 103 2531 1065 2634; baseline -0.004 -24"><span class='ocrx_word' id='word_1_117' title='bbox 103 2550 164 2612; x_wconf 85' lang='lat' dir='ltr'>est</span> <span class='ocrx_word' id='word_1_118' title='bbox 176 2537 309 2633; x_wconf 78' lang='lat' dir='ltr'>Postea</span> <span class='ocrx_word' id='word_1_119' title='bbox 320 2559 407 2612; x_wconf 84' lang='lat' dir='ltr'>vero</span> <span class='ocrx_word' id='word_1_120' title='bbox 421 2559 546 2634; x_wconf 78' lang='lat' dir='ltr'>quum,</span> <span class='ocrx_word' id='word_1_121' title='bbox 559 2533 774 2608; x_wconf 83' lang='lat' dir='ltr'>Cbananaea</span> <span class='ocrx_word' id='word_1_122' title='bbox 792 2531 942 2606; x_wconf 83' lang='lat' dir='ltr'>tandem</span> <span class='ocrx_word' id='word_1_123' title='bbox 957 2557 1065 2608; x_wconf 84' lang='lat' dir='ltr'>ooou·</span> 
     </span>
     <span class='ocr_line' id='line_1_20' title="bbox 104 2650 1067 2756; baseline -0.003 -26"><span class='ocrx_word' id='word_1_124' title='bbox 104 2669 185 2755; x_wconf 85' lang='lat' dir='ltr'>pata</span> <span class='ocrx_word' id='word_1_125' title='bbox 199 2679 361 2756; x_wconf 80' lang='lat' dir='ltr'>vagaque</span> <span class='ocrx_word' id='word_1_126' title='bbox 372 2653 497 2728; x_wconf 82' lang='lat' dir='ltr'>relicta</span> <span class='ocrx_word' id='word_1_127' title='bbox 509 2655 596 2754; x_wconf 83' lang='lat' dir='ltr'>viu,</span> <span class='ocrx_word' id='word_1_128' title='bbox 610 2679 714 2752; x_wconf 87' lang='lat' dir='ltr'>agros</span> <span class='ocrx_word' id='word_1_129' title='bbox 730 2650 850 2728; x_wconf 81' lang='lat' dir='ltr'>colere</span> <span class='ocrx_word' id='word_1_130' title='bbox 866 2652 1067 2754; x_wconf 82' lang='lat' dir='ltr'>maiorique</span> 
     </span>
     <span class='ocr_line' id='line_1_21' title="bbox 106 2763 1067 2876; baseline -0.002 -28"><span class='ocrx_word' id='word_1_131' title='bbox 106 2773 174 2850; x_wconf 87' lang='lat' dir='ltr'>srui</span> <span class='ocrx_word' id='word_1_132' title='bbox 192 2777 315 2876; x_wconf 85' lang='lat' dir='ltr'>quiete</span> <span class='ocrx_word' id='word_1_133' title='bbox 331 2776 587 2875; x_wconf 83' lang='lat' dir='ltr'>incoeperunt⁷</span> <span class='ocrx_word' id='word_1_134' title='bbox 598 2772 676 2846; x_wconf 88' lang='lat' dir='ltr'>iura</span> <span class='ocrx_word' id='word_1_135' title='bbox 690 2763 832 2872; x_wconf 87' lang='lat' dir='ltr'>opinari</span> <span class='ocrx_word' id='word_1_136' title='bbox 847 2769 951 2869; x_wconf 83' lang='lat' dir='ltr'>licet,</span> <span class='ocrx_word' id='word_1_137' title='bbox 967 2797 1067 2846; x_wconf 83' lang='lat' dir='ltr'>mor-</span> 
     </span>
     <span class='ocr_line' id='line_1_22' title="bbox 104 2891 1066 2995; baseline -0.001 -26"><span class='ocrx_word' id='word_1_138' title='bbox 104 2891 141 2992; x_wconf 88' lang='lat' dir='ltr'>bi</span> <span class='ocrx_word' id='word_1_139' title='bbox 169 2895 415 2995; x_wconf 82' lang='lat' dir='ltr'>frequentiam</span> <span class='ocrx_word' id='word_1_140' title='bbox 444 2892 617 2968; x_wconf 89' lang='lat' dir='ltr'>nonnihil</span> <span class='ocrx_word' id='word_1_141' title='bbox 649 2891 850 2976; x_wconf 85' lang='lat' dir='ltr'>decrevisse</span> <span class='ocrx_word' id='word_1_142' title='bbox 857 2916 868 2991; x_wconf 78' lang='lat'>5</span> <span class='ocrx_word' id='word_1_143' title='bbox 901 2891 1066 2995; x_wconf 76' lang='lat' dir='ltr'>quamvis</span> 
     </span>
     <span class='ocr_line' id='line_1_23' title="bbox 105 3009 1068 3114; baseline -0.002 -26"><span class='ocrx_word' id='word_1_144' title='bbox 105 3038 180 3090; x_wconf 89' lang='lat' dir='ltr'>non</span> <span class='ocrx_word' id='word_1_145' title='bbox 206 3014 416 3114; x_wconf 88' lang='lat' dir='ltr'>negandum</span> <span class='ocrx_word' id='word_1_146' title='bbox 448 3026 523 3111; x_wconf 81' lang='lat' dir='ltr'>est,</span> <span class='ocrx_word' id='word_1_147' title='bbox 555 3013 596 3088; x_wconf 89' lang='lat' dir='ltr'>in</span> <span class='ocrx_word' id='word_1_148' title='bbox 628 3026 745 3088; x_wconf 89' lang='lat' dir='ltr'>terrae</span> <span class='ocrx_word' id='word_1_149' title='bbox 775 3009 880 3113; x_wconf 88' lang='lat' dir='ltr'>plaga</span> <span class='ocrx_word' id='word_1_150' title='bbox 887 3066 898 3109; x_wconf 69' lang='lat'>7</span> <span class='ocrx_word' id='word_1_151' title='bbox 928 3009 1068 3086; x_wconf 87' lang='lat' dir='ltr'>morbis</span> 
     </span>
     <span class='ocr_line' id='line_1_24' title="bbox 106 3131 1066 3235; baseline -0.002 -29"><span class='ocrx_word' id='word_1_152' title='bbox 106 3135 268 3210; x_wconf 85' lang='lat' dir='ltr'>eutaneis</span> <span class='ocrx_word' id='word_1_153' title='bbox 292 3134 481 3235; x_wconf 85' lang='lat' dir='ltr'>gignendis</span> <span class='ocrx_word' id='word_1_154' title='bbox 502 3132 741 3234; x_wconf 83' lang='lat' dir='ltr'>fovendisque</span> <span class='ocrx_word' id='word_1_155' title='bbox 761 3131 891 3206; x_wconf 87' lang='lat' dir='ltr'>eximie</span> <span class='ocrx_word' id='word_1_156' title='bbox 911 3131 1066 3230; x_wconf 80' lang='lat' dir='ltr'>favente,</span> 
     </span>
     <span class='ocr_line' id='line_1_25' title="bbox 105 3252 1065 3354; baseline 0 -28"><span class='ocrx_word' id='word_1_157' title='bbox 105 3265 215 3353; x_wconf 87' lang='lat' dir='ltr'>atque</span> <span class='ocrx_word' id='word_1_158' title='bbox 240 3256 352 3328; x_wconf 86' lang='lat' dir='ltr'>etiam</span> <span class='ocrx_word' id='word_1_159' title='bbox 374 3256 471 3328; x_wconf 85' lang='lat' dir='ltr'>inter</span> <span class='ocrx_word' id='word_1_160' title='bbox 494 3252 692 3354; x_wconf 87' lang='lat' dir='ltr'>populum,</span> <span class='ocrx_word' id='word_1_161' title='bbox 716 3252 845 3327; x_wconf 75' lang='lat' dir='ltr'>naturl</span> <span class='ocrx_word' id='word_1_162' title='bbox 868 3276 956 3353; x_wconf 87' lang='lat' dir='ltr'>prae</span> <span class='ocrx_word' id='word_1_163' title='bbox 981 3275 1065 3326; x_wconf 85' lang='lat' dir='ltr'>coe-</span> 
     </span>
     <span class='ocr_line' id='line_1_26' title="bbox 105 3369 1066 3474; baseline -0.005 -25"><span class='ocrx_word' id='word_1_164' title='bbox 105 3374 190 3449; x_wconf 85' lang='lat' dir='ltr'>teris</span> <span class='ocrx_word' id='word_1_165' title='bbox 228 3373 270 3449; x_wconf 90' lang='lat' dir='ltr'>in</span> <span class='ocrx_word' id='word_1_166' title='bbox 306 3373 577 3448; x_wconf 87' lang='lat' dir='ltr'>immunditiem</span> <span class='ocrx_word' id='word_1_167' title='bbox 613 3371 835 3474; x_wconf 87' lang='lat' dir='ltr'>proclivem,</span> <span class='ocrx_word' id='word_1_168' title='bbox 873 3369 963 3450; x_wconf 72' lang='lat' dir='ltr'>non&#39;</span> <span class='ocrx_word' id='word_1_169' title='bbox 987 3372 1066 3446; x_wconf 85' lang='lat' dir='ltr'>sine</span> 
     </span>
     <span class='ocr_line' id='line_1_27' title="bbox 104 3489 1066 3593; baseline 0.004 -30"><span class='ocrx_word' id='word_1_170' title='bbox 104 3493 261 3565; x_wconf 88' lang='lat' dir='ltr'>maxima</span> <span class='ocrx_word' id='word_1_171' title='bbox 299 3518 385 3570; x_wconf 87' lang='lat' dir='ltr'>eum</span> <span class='ocrx_word' id='word_1_172' title='bbox 417 3491 629 3566; x_wconf 83' lang='lat' dir='ltr'>difficultate</span> <span class='ocrx_word' id='word_1_173' title='bbox 663 3489 845 3593; x_wconf 83' lang='lat' dir='ltr'>longoque</span> <span class='ocrx_word' id='word_1_174' title='bbox 875 3491 1066 3568; x_wconf 82' lang='lat' dir='ltr'>interiecto</span> 
     </span>
     <span class='ocr_line' id='line_1_28' title="bbox 104 3610 1066 3718; baseline 0.004 -34"><span class='ocrx_word' id='word_1_175' title='bbox 104 3614 277 3714; x_wconf 84' lang='lat' dir='ltr'>temporis</span> <span class='ocrx_word' id='word_1_176' title='bbox 303 3614 420 3714; x_wconf 84' lang='lat' dir='ltr'>spatio</span> <span class='ocrx_word' id='word_1_177' title='bbox 445 3637 553 3718; x_wconf 87' lang='lat' dir='ltr'>possa</span> <span class='ocrx_word' id='word_1_178' title='bbox 586 3623 727 3714; x_wconf 67' lang='lat' dir='ltr'>mutam</span> <span class='ocrx_word' id='word_1_179' title='bbox 758 3610 972 3688; x_wconf 78' lang='lat' dir='ltr'>foeditatem</span> <span class='ocrx_word' id='word_1_180' title='bbox 1000 3635 1066 3715; x_wconf 89' lang='lat' dir='ltr'>pe·</span> 
     </span>
     <span class='ocr_line' id='line_1_29' title="bbox 105 3729 416 3834; baseline 0.013 -30"><span class='ocrx_word' id='word_1_181' title='bbox 105 3729 416 3834; x_wconf 76' lang='lat' dir='ltr'>nitusexstingui.</span> 
     </span>
    </p>
   </div>
   <div class='ocr_carea' id='block_1_2' title="bbox 0 0 1318 4470">
    <p class='ocr_par' dir='ltr' id='par_1_2' title="bbox 0 0 1318 4470">
     <span class='ocr_line' id='line_1_30' title="bbox 0 0 1318 4470; baseline 0 1"><span class='ocrx_word' id='word_1_182' title='bbox 0 0 1318 4470; x_wconf 95' lang='lat' dir='ltr'> </span> 
     </span>
    </p>
   </div>
  </div>
 </body>
</html>
