2626 4470
952 273 1019 347 115

104 379 168 463 sere
190 415 331 491 prorsus
356 383 536 486 ignaram,
561 401 638 461 tam
669 387 891 488 sacerdotes,
920 392 1047 466 iuven·

105 523 208 582 tutem
233 508 494 584 catechizantes
518 506 578 584 vel
595 507 642 580 ad
659 503 893 583 christianam
909 510 1049 611 religio·

106 654 180 702 nem
215 629 360 731 publice
399 627 593 702 iurandam
630 645 902 730 praeparantes,
940 657 1050 732 quam

105 771 236 838 omnes,
262 749 394 851 quibus
419 774 504 823 cum
525 748 606 848 illa,
624 751 835 848 praesertim
845 749 977 842 rurali,
994 777 1051 826 res

105 883 166 968 est,
185 873 481 972 'conqueruntum
504 867 546 940 id
578 865 704 969 quod,¹
731 863 966 946 consideratis
991 865 1054 972 iis,

105 989 254 1089 quae-ad
274 985 501 1063 edocendam
522 1011 603 1060 eam
620 989 927 1092 excolendamque
943 1017 1052 1091 agan·

105 1123 174 1198 tur,
199 1133 308 1184 nemo
332 1110 495 1182 miratur.
519 1103 681 1183 Urbibus
706 1114 843 1184 etenim
874 1105 1051 1214 exeeptis,

103 1232 329 1328 paucissimae
341 1231 578 1304 inveniuntur
597 1229 790 1330 populares
807 1232 951 1308 scholae
959 1289 971 1325 ,
988 1235 1053 1308 ubi

103 1350 153 1421 rir
173 1351 294 1423 minus
319 1349 512 1450 opulentus
536 1375 668 1450 pueros
694 1352 800 1424 rebus
813 1357 976 1427 *maxime
993 1381 1054 1428 ne-

106 1471 258 1546 cessariis
288 1471 450 1558 imbuere
483 1465 608 1544 curare
634 1473 757 1571 possit
787 1472 937 1572 Magnus
968 1499 1053 1549 vero

103 1595 211 1666 estin
236 1607 387 1692 utraque
413 1591 507 1666 terra
542 1593 811 1692 magistrorum,
829 1613 919 1694 quos
936 1595 1061 1668 ambu-

103 1710 210 1787 lantes
235 1713 379 1812 dicunt,
415 1713 601 1802 numerus,
627 1714 690 1812 qui
715 1713 760 1785 ab
786 1737 859 1787 una
891 1715 938 1788 ad
970 1715 1059 1790 alte·

105 1855 175 1907 ram
200 1835 383 1908 dioecesin
409 1836 581 1932 migrant,
602 1833 755 1934 solaque
783 1858 864 1908 esca
895 1839 1059 1914 contenti

104 1958 217 2053 egenis
242 1957 364 2056 pueris
389 1953 554 2052 tradunt,
580 1963 676 2055 quaa?
697 1955 766 2054 ipsi
798 1976 906 2056 parco
932 1958 1058 2055 sciant3

104 2074 186 2148 tales
215 2100 303 2153 vero
328 2077 535 2174 magistros,
559 2095 673 2175 quum
697 2077 876 2149 rarissime
901 2078 975 2149 sint
994 2103 1060 2176 pa-

104 2196 281 2295 rentibus,
308 2217 463 2296 quorum
496 2193 631 2266 liberos
659 2196 868 2292 instituant,
900 2195 1062 2296 pruden-
1134 2262 1138 2268 .

104 2316 207 2390 tiores
231 2315 457 2416 pravamque
487 2313 547 2390 vel
578 2316 701 2414 potins
721 2312 890 2388 =lorsitan
911 2315 1060 2395 ¹nullam

103 2436 316 2512 methodum
330 2449 543 2536 sequantur,
565 2431 668 2508 hauri
677 2433 928 2508 multum'asee
945 2437 1066 2536 profe-

105 2568 221 2630 cturos
230 2611 241 2655 ‚
264 2577 334 2654 per
346 2581 384 2626 se
400 2549 509 2654 patet
526 2556 680 2626 Maxima
698 2543 821 2654 itaqua
836 2557 1004 2644 interest,
1022 2572 1066 2630 ut

105 2678 185 2773 viri,
202 2678 267 2777 qui
283 2676 331 2748 ad
346 2672 526 2775 plebeiam
546 2675 774 2748 iuventutem
793 2674 1064 2750 infamandam

106 2809 180 2868 sese
194 2791 403 2894 aceingaut,
420 2789 472 2867 ¹de
489 2798 534 2867 iis
550 2785 679 2893 rebus,
694 2819 783 2894 quas
794 2787 879 2867 'aliis
897 2795 1064 2868 tradituri

105 2917 184 3006 sint,
202 2917 441 3014 edoceantur3
466 2916 631 3020 instituta
656 2939 761 3012 vere,
789 2915 854 2988 ubi
883 2915 954 2989 hoo
987 2919 1065 2988 fieri

106 3015 240 3134 potest,
261 3036 438 3134 Norvegia
453 3031 562 3136 plane
580 3048 688 3136 atque
706 3037 857 3109 omniuo
876 3019 1071 3109 desiderat*

104 3157 217 3230 Valde
242 3155 398 3256 ideoque
424 3154 584 3256 optanda
608 3157 667 3230 lex
700 3170 806 3246 esset,
833 3181 924 3256 quae
950 3139 1062 3230 Senti-

106 3283 288 3350 non'orum
300 3331 312 3370 ,
344 3274 506 3375 qualium
537 3265 797 3376 Toensbergioe
830 3275 918 3350 olim
952 3303 1066 3352 unum

105 3393 246 3488 floruit,
271 3398 569 3469 restaurationem
594 3395 753 3495 iuberet,
779 3395 843 3470 ubi
865 3398 979 3471 futuri
994 3397 1068 3498 ple·
1171 3457 1177 3468 .

105 3511 159 3587 bis
184 3530 438 3616 praeceptores
463 3542 539 3589 sese
561 3516 690 3590 melius
710 3541 926 3617 praeparare
949 3533 985 3590 et
1001 3545 1066 3590 un-

108 3631 152 3705 de
192 3626 277 3735 post
316 3635 508 3736 probatam
547 3635 776 3709 habilitatem
817 3638 864 3710 ad
905 3640 1068 3736 gravissi·

108 3777 208 3826 mum
233 3781 366 3830 munus
393 3757 661 3832 conficiendum
688 3755 787 3830 abire
820 3759 969 3858 possint.
998 3756 1068 3850 Sed
