2628 4476
206 193 342 390 nieitici
358 314 517 425 ,urarmd
535 313 691 390 venerut
711 309 889 416 &aldem
918 312 1111 407 (morbum
1128 339 1185 392 ve·

207 463 359 512 nereum
377 434 603 536 degenerem)
623 433 840 537 jamdudum
857 440 1113 535 vocarunt,(r);
1129 436 1185 536 ip·

207 583 290 634 sum
306 581 395 634 vero
410 555 483 632 hoc
500 580 637 632 nomen
653 580 731 630 non
740 568 874 658 potest,
887 556 978 656 quin
991 581 1186 632 erroneam
1308 599 1309 656 p

206 677 388 780 producat
412 679 637 780 opinionem.
662 677 802 758 Verum
826 690 913 752 sunt
931 690 1120 779 praeterea
1135 701 1186 751 ex

206 800 337 876 iisdem
361 799 550 898 nonnulli,
572 800 639 900 'qui
665 797 825 872 eundem
849 824 871 872 a
891 801 1048 899 genuina
1070 783 1184 874 vene-

206 947 269 996 rea
293 919 376 994 labe
401 923 518 1022 ipsam
543 921 723 1020 originem
745 918 899 994 trahere
933 918 1184 1018 contendant,

177 1095 181 1104 ,
208 1056 296 1116 sunt
320 1042 449 1141 etiam,
482 1043 545 1143 qui
580 1039 678 1116 hanc
704 1043 925 1144 opinionem
947 1043 1184 1142 ‘argumentis

208 1166 353 1238 firmare
389 1177 580 1236 conentur.
616 1151 903 1260 Lmnosaossorr,
943 1162 1058 1262 licet,
1086 1188 1182 1263 quae
1218 1220 1220 1224 .
1308 1169 1309 1174 ’

208 1283 416 1384 exposuerit
439 1297 687 1385 symptomata
712 1287 782 1383 (2),
806 1283 920 1358 alium
945 1281 1182 1382 nonmelius,
1308 1285 1309 1370 J

208 1429 320 1505 quam
355 1418 522 1479 nostrum
546 1398 732 1479 morbum
772 1402 987 1506 designent,
1023 1404 1194 1490 eandem.
1308 1451 1309 1470 r

207 1540 333 1600 temen
357 1525 468 1600 huius
487 1525 762 1628 syphilidisque
795 1527 978 1601 internam
1010 1541 1182 1603 naturam

206 1673 313 1747 posse
339 1649 533 1746 signorum
552 1647 790 1722 similitudine
821 1645 1026 1724 luculenter
1056 1651 1181 1726 evinci

109 1773 113 1784 '
208 1767 313 1868 putat
339 1769 402 1865 (3).
427 1769 537 1843 Pares
564 1768 715 1870 quidem
740 1783 825 1852 sunt
845 1769 1042 1872 multisque
1067 1773 1181 1846 ratio·

207 1887 317 1963 nibus
342 1887 494 1992 similes,
511 1915 631 1992 neque
653 1887 760 1964 facile
778 1903 973 1991 utrumque
993 1903 1181 1966 maturum

207 2011 450 2110 internosces,
476 2012 552 2086 nisi
574 2023 696 2088 totum
730 2019 1019 2114 symptomatum
1049 2010 1180 2089 decur-

208 2157 299 2204 sum.
324 2130 434 2208 simul
474 2133 691 2208 consideres.
726 2133 828 2226 Quae
861 2134 1000 2208 etenim
1031 2160 1180 2230 genereo

208 2258 280 2328 uiro
306 2254 466 2354 primum
492 2255 629 2334 inlecta
656 2255 727 2330 fuit
751 2278 853 2354 pars,
879 2254 919 2328 in
945 2279 987 2327 oa
1012 2268 1098 2363 post
1126 2282 1180 2332 ar·

209 2372 357 2448 dentem
393 2373 559 2452 dolorem
592 2379 647 2454 vel
677 2373 821 2450 macula
853 2389 1017 2476 apparet,
1033 2377 1178 2464 intense

202 2493 336 2595 rubra,
376 2521 486 2597 quae,
523 2499 564 2572 in
598 2497 802 2598 pustulam,
834 2521 956 2570 seroso
987 2495 1179 2598 impletam

206 2613 333 2715 latice,
359 2599 516 2721 elerata,
547 2643 635 2695 mox
668 2620 848 2722 rumpitur
880 2631 919 2693 et
951 2619 1158 2698 excoriatur
1165 2647 1176 2718 3

209 3019 252 3081 (ι)
269 3015 386 3070 Svensla
402 3011 687 3084 mare-Sillrkepets
705 3011 803 3067 Hamil.
821 3015 855 3069 T.
871 3015 906 3069 11.
924 3019 953 3070 et
969 3015 1031 3086 111„
1048 3018 1173 3088 plurimis

266 3105 296 3156 in
317 3104 404 3173 locis,
428 3103 476 3156 ubi
498 3101 531 3154 de
554 3099 649 3154 morbo
669 3117 798 3173 venereo,
815 3103 990 3158 varietatibus
1007 3105 1127 3160 eiusdem
1143 3115 1176 3160 et

268 3191 444 3261 degeneribur
463 3188 602 3266 speciebus
619 3188 786 3245 medicorum
806 3192 982 3247 inveniuntur
998 3196 1176 3248 renuntiatio-

179 3289 182 3300 ¹
267 3297 334 3348 resp
357 3297 409 3335 uec
435 3297 491 3332 non
512 3279 613 3332 librum
636 3279 855 3350 asammandrag
876 3281 906 3334 ef
923 3283 1083 3336 Bertttelrer
1099 3283 1175 3336 ifrtn

266 3366 389 3422 Liknne
407 3369 417 3420 i
432 3367 494 3422 hela
511 3366 589 3422 liiket
605 3384 650 3420 om
673 3367 813 3422 veneriska
834 3369 1018 3441 Sjukdomeu,
1040 3369 1101 3424 dees
1119 3371 1174 3426 Ἐϋ-

267 3454 430 3524 rendringer
444 3457 495 3509 och
512 3457 629 3510 Urarter.
647 3448 803 3514 Stocflrolm
825 3459 921 3512 ididae

166 3581 168 3586 -
210 3547 251 3610 (a)
268 3542 389 3598 Sveneke
405 3543 470 3599 nuk
488 3543 583 3619 Stllsk.
600 3543 744 3615 Handling.
764 3562 779 3602 a
798 3546 845 3604 Bd.
868 3565 877 3602 ι
898 3547 953 3603 nt.
972 3545 1082 3606 sereth.
1104 3549 1179 3618 rere.
1236 3594 1247 3613 x

267 3649 294 3702 p.
316 3633 443 3686 ullum.

212 3718 253 3788 (3)
269 3720 299 3777 t.
316 3736 382 3794 nup.
399 3720 445 3777 cit.
462 3738 490 3793 p.
510 3721 566 3776 123.
