2626 4470
374 385 382 397 ,
975 317 1042 388 tra

108 430 256 527 negotiis
268 433 447 524 revocare,
460 453 527 500 uec
544 451 620 500 non
634 426 887 524 vegetabilium
901 430 1067 506 ciborum

95 561 209 620 'usum
232 546 514 646 frequentiorem
530 546 698 641 reddere,
717 545 916 622 admodum
932 551 1067 648 proba·

104 667 175 740 bile
195 681 257 738 est.
274 665 331 738 Ad
347 667 537 738 sanitatem
553 666 701 738 demum
723 666 896 740 tuendam
919 667 1072 743 chroui-'

106 809 235 885 cosque
247 787 456 886 praesertim
471 799 642 858 cutaneos
656 783 802 858 morbos
818 785 1063 886 profligandos

104 931 211 1004 quam
232 905 431 978 necessaria
457 906 504 977 sit
527 904 720 976 munditiei
742 931 846 1003 cura,
866 891 990 980 nostra
1006 935 1062 981 sa·

102 1049 145 1101 ue
169 1024 396 1124 expositione
420 1021 521 1096 band
545 1037 625 1123 eget
632 1051 642 1120 3
669 1049 755 1096 naun
784 1023 874 1098 haec
896 1051 989 1125 resa
1006 1039 1062 1101 tot

101 1144 183 1217 viris
213 1143 288 1218 iam
313 1141 404 1216 adeo
429 1141 539 1216 bene'
557 1143 742 1244 disquisita
777 1157 853 1240 cst,
881 1158 940 1244 ut,
969 1147 1062 1247 quid

101 1262 271 1359 addatur,
296 1287 373 1336 non
398 1261 504 1336 facilc
529 1263 576 1336 sit
599 1265 811 1362 perspicere.
837 1251 886 1336 ‘Id
917 1279 1062 1342 tantum

99 1384 281 1455 monitum
317 1379 488 1479 velimus,
526 1381 633 1455 nobis
668 1384 818 1456 omniuo
851 1407 1061 1482 persuasum

99 1525 191 1598 csse,
208 1499 372 1574 crebram
386 1503 685 1578 vestimentorum
703 1503 934 1602 corporisque
946 1504 1061 1602 ipsius
1094 1489 1098 1498 ²

96 1619 317 1716 lavationem
342 1620 513 1694 omnibus
538 1620 616 1694 aliis
637 1620 819 1694 sanandae
841 1635 878 1694 et
900 1636 1061 1698 averten-

97 1739 160 1812 dae
187 1723 312 1838 leprae
335 1740 504 1814 remediis
528 1739 687 1840 palmam
708 1743 924 1841 praeripere.
942 1739 1059 1814 Valde

94 1858 217 1958 itaque
244 1859 446 1957 optandum
471 1873 543 1957 est,
569 1873 610 1932 ut
634 1885 711 1934 non
742 1858 861 1934 solum
889 1862 930 1934 in
961 1885 1064 1933 urio-1

95 2001 241 2076 quoque
265 1979 476 2052 nosocomio
501 1976 631 2052 balnea
657 1993 902 2078 exstruantur,
927 2003 1056 2054 verum

93 2099 204 2168 etiam
228 2110 270 2170 ut
294 2099 430 2195 egregie
456 2096 516 2170 ille
543 2125 640 2189 mos,
667 2125 740 2200 quo
757 2103 911 2173 maiores
928 2101 1056 2197 nostri,

91 2229 231 2293 veteres
268 2211 525 2318 septentrionis
562 2219 729 2318 incolae,
769 2221 825 2292 usi
864 2219 963 2294 luere
1001 2221 1055 2316 (1)

93 2854 131 2919 (ι)
153 2849 308 2921 Norvcgiac'
328 2852 442 2921 duvios,
466 2853 512 2924 qui
535 2854 578 2905 vel
600 2853 728 2908 hodierno
749 2861 869 2924 tempore
890 2855 996 2925 laatgeu
1019 2863 1046 2909 et

146 2943 236 2994 loven
254 2942 412 3008 salutantur,
434 2941 594 3010 Svcriarqao
612 2941 710 3008 lacurn,
729 2959 808 3012 quoru
826 2943 889 2994 olim
906 2946 1048 3013 latagum

143 3029 234 3097 loger
248 3035 377 3080 vocarunt
396 3028 494 3090 (bodie
514 3029 631 3094 Metitur,
650 3030 696 3098 qui
715 3030 846 3082 Holmiam
864 3031 969 3094 alluit),
982 3030 1046 3083 iude

144 3114 255 3167 nomina
271 3115 364 3168 sortita
381 3116 478 3182 luisse,
495 3115 567 3186 quod
585 3117 612 3168 in
630 3117 661 3168 tir
679 3118 834 3194 praesertim
854 3116 1046 3171 scandinaviae

145 3211 251 3255 veteres
267 3203 369 3256 incolae
387 3221 443 3256 sese
459 3202 592 3270 lavarent,
607 3203 745 3274 probabile
762 3203 884 3270 videtum
900 3205 978 3256 sicuti
990 3223 1047 3258 crc-

144 3289 229 3342 dibile
247 3297 300 3358 est,
319 3290 426 3344 Saturni
444 3290 514 3344 diem
526 3290 597 3360 apud
608 3309 656 3345 uos
669 3292 731 3344 iude
750 3292 894 3362 ldverdvg,
907 3292 1044 3362 Ldverdag
1126 3284 1129 3290 ’

145 3377 512 3450 appellatumfuisse,·qnod
530 3379 654 3446 iaceret,
676 3396 729 3449 qvo
752 3380 832 3432 talem
854 3380 980 3434 lotionem
1001 3381 1044 3433 in-

144 3464 257 3515 stituere
274 3465 468 3518 consueverint.
486 3465 612 3518 Testontc
629 3467 729 3517 etenim
747 3466 994 3535 doctissimoslnam
1015 3469 1043 3519 in

142 3551 254 3620 antiqua
271 3551 361 3619 lingua
378 3551 500 3606 Svethica
517 3555 563 3624 log
578 3552 665 3606 lacum
684 3553 798 3624 indeque
819 3539 960 3608 formatum
981 3573 1039 3608 ver·

142 3637 208 3690 bum
225 3639 285 3708 loga
301 3639 443 3708 profluenti
456 3639 526 3692 unda
539 3640 584 3695 vel
595 3641 660 3692 mari
672 3657 729 3692 seso
740 3643 863 3710 proluere
874 3643 1038 3710 significavit.

145 3724 249 3782 (Gloss.
265 3725 400 3795 Sviogotb.
417 3725 494 3784 Auct-
512 3725 558 3808 da.¹
576 3725 655 3810 laun
669 3727 758 3798 Upsal.
778 3728 958 3784 MDCCLXlX.
980 3744 1041 3787 vor>⁴

146 3810 222 3881 laq).
986 3851 988 3856 ,
