2626 4470
987 227 1032 300 81

107 356 243 419 veteres
275 312 456 439 ‚noddstm
489 342 646 436 formam
677 339 938 444 elephantiasin
969 370 1062 420 nun·

106 477 306 566 cuparunt,
338 465 397 538 eui
421 466 503 540 voci
528 466 639 538 etiam
663 467 881 540 recentiores
906 465 1063 542 eandem

105 587 179 660 vim
204 585 423 687 subjiciunt5
453 611 565 686 quam
595 610 683 661 vero
714 599 842 686 utpote
876 569 1079 687 angustam·

104 707 236 806 nimia,
261 705 404 780 admitti
428 731 504 783 non
529 730 658 806 posse,
688 701 828 780 nemini
852 733 929 782 non
956 707 1063 782 faaile

102 839 212 927 patet
229 825 367 900 Verum
387 826 456 900 hac
478 825 585 928 culpa
606 851 677 901 vox
698 828 798 929 lepra
819 841 935 926 caret,
957 854 1060 931 quae,

105 950 237 1030 aptate
262 949 439 1046 formata,
463 973 540 1025 non
565 945 685 1022 solum
709 951 830 1050 primo
856 949 981 1024 statim
1003 951 1062 1024 in·

103 1071 199 1146 tuitu
224 1069 355 1158 docet,
387 1093 531 1168 asperae
563 1070 659 1142 eutis
689 1095 756 1170 per
781 1072 934 1150 cortices
959 1096 1065 1173 squa-

102 1216 226 1266 masve
260 1214 442 1263 secessum
477 1187 534 1264 vel
568 1190 654 1262 satis
689 1187 904 1264 distinctum
937 1190 1066 1266 saltem

102 1337 162 1387 eas
177 1308 365 1390 formandi
382 1309 502 1384 nisum
520 1333 595 1383 esse
612 1310 799 1410 utriusque
816 1311 954 1387 evoluti
969 1336 1065 1388 mor·

54 1523 56 1528 Ι
101 1429 140 1508 bi
177 1433 318 1508 formae
357 1431 593 1531 praecipuum
631 1429 900 1531 characterem,
936 1457 1066 1508 verum

98 1555 212 1632 etiam
229 1551 278 1628 ad
293 1549 554 1650 Norvegiaeam
568 1548 655 1624 mali
671 1549 978 1652 appellationem«
988 1554 1064 1630 Ra·

100 1675 247 1777 desyge,
266 1704 284 1740 n
305 1671 413 1745 sicuti
437 1657 611 1746 nos'eam
635 1669 895 1770 derivavimus,
925 1674 1062 1773 egregie

99 1790 311 1894 respondet.
334 1792 448 1865 Binae
474 1803 596 1866 autem
621 1790 784 1893 ejusdem
817 1792 955 1866 formae
988 1792 1063 1868 dici

100 1926 279 2016 possunt,
295 1919 494 2014 squamosa
514 1910 644 2011 altera,
665 1937 776 2014 quam
796 1911 883 1988 solis
900 1916 1062 2014 squamis

99 2036 275 2136 stipatam
295 2032 478 2136 videmus,
501 2034 640 2110 nodosa
660 2031 720 2109 vel
743 2033 912 2114 abirom
932 2034 1063 2135 altera,

99 2178 214 2256 quam
238 2151 428 2229 tubercula
452 2151 560 2232 simul
585 2154 816 2232 romanam

1071 654 1079 690 Ν
1169 692 1174 708 1
