2628 4476
231 213 273 260 12

137 399 141 409 ¹
198 307 391 408 Radesyge
412 301 515 378 vetus
539 304 702 380 innotuit
726 303 898 406 morbus3
925 331 1053 382 verum
1078 321 1171 386 teste

196 415 376 531 imprimis
401 425 688 528 locupletissimo
711 429 809 526 viro,
833 432 937 530 eujus
954 429 1168 531 suffragium

152 609 158 620 .
195 537 396 654 plurimum
421 545 536 649 valet,
563 573 631 624 neo
663 573 742 624 non
780 549 937 624 aliorum
966 550 1170 632 multorum

196 671 270 747 fide
286 669 599 773 dignissimorum,
615 673 839 773 propriaque
854 673 966 746 etiam
982 676 1170 774 experien-
1221 737 1225 744 .

196 795 248 868 tia
279 789 453 868 suffultus
482 791 710 866 eontendere
747 791 886 892 audeo,
917 792 1090 868 morbum
1125 821 1203 870 ea·

195 914 264 990 snb
291 911 535 1015 appellatione
548 925 599 986 'ne
616 915 751 988 nostris
769 913 919 1014 quidem
934 915 1167 1020 temporibus

195 1061 273 1112 esse
287 1035 388 1137 plebi
404 1049 548 1110 nostrae
562 1034 825 1138 peninsulanae
837 1049 937 1110 extra
954 1035 1062 1111 urbes
1079 1063 1169 1140 pau·

195 1182 283 1235 eave
310 1156 356 1230 ab
379 1155 479 1230 hisee
500 1155 671 1232 milliaria
688 1160 886 1258 cognitum.
907 1157 1046 1232 Verum
1066 1161 1169 1233 enim

194 1306 284 1358 vero
308 1277 416 1354 sicuti
442 1281 538 1354 nova
563 1280 733 1378 nomina,
758 1279 971 1381 praesertim
989 1281 1067 1355 nisi
1096 1305 1170 1378 ‚Uarr-

194 1403 382 1504 tiquorum
416 1397 763 1474 commutandorum
804 1423 913 1474 eausa
939 1397 1048 1474 allata
1073 1402 1169 1501 siut,
1196 1397 1201 1408 '

194 1523 300 1598 falsas
325 1519 530 1624 producere
555 1521 748 1622 opiniones
774 1519 911 1619 solent,
944 1523 995 1594 ita
1030 1524 1169 1622 etiam,

192 1660 236 1720 ut
261 1643 431 1747 equidem
448 1656 565 1745 puto,
591 1640 639 1717 ad
665 1641 866 1743 singulares
891 1639 972 1716 illas
994 1645 1168 1720 notiones

127 1777 133 1789 '
192 1765 506 1868 multiplicandas,
534 1763 709 1866 quesnel
741 1763 946 1840 hodiedum
977 1766 1168 1866 experiew

191 1891 325 1964 tissimi
349 1889 419 1964 viri
449 1887 495 1960 de
526 1871 659 1962 ueteris
693 1886 814 1964 morbi
845 1901 976 1962 natura
1008 1901 1047 1962 et
1078 1903 1167 1965 ortu

153 2015 156 2027 '
192 1993 381 2110 effinxere,
405 2033 477 2085 vox
502 2023 609 2082 antea
635 2002 803 2086 inaudite
838 2009 1029 2110 Rodesyge
1062 2007 1168 2086 haud

191 2157 321 2234 pamm
338 2129 505 2206 contulit.
522 2126 618 2205 Hine
636 2155 670 2207 v.
688 2131 719 2205 o.
738 2131 877 2206 fautum
891 2130 1045 2231 videtur,
1062 2133 1168 2234 quod

191 2257 437 2330 recentiorum
454 2251 625 2328 nonnulli
641 2272 731 2328 eum
749 2251 932 2354 singulare
948 2279 1056 2328 suum
1068 2265 1167 2330 'eon-

191 2380 340 2457 stituere
365 2401 478 2479 genus
504 2385 714 2474 autument,
739 2399 855 2476 quum
874 2373 944 2450 ‘alii
969 2399 1055 2451 eum
1084 2401 1165 2452 esse

192 2499 425 2599 semborum,
452 2495 675 2600 syphilidem
705 2517 793 2572 vero
823 2495 906 2595 alii,
938 2495 1009 2572 alii-
1034 2510 1165 2572 eontra

189 2604 235 2698 err
260 2621 330 2697 hae
356 2635 393 2696 et
418 2620 590 2722 soouhuto
617 2615 863 2722 compositum
888 2618 1033 2719 dicam,
1070 2622 1163 2721 quin
1221 2725 1223 2728 ῃ

189 2743 345 2843 fuerint,
370 2745 434 2846 qui
458 2769 481 2816 a
505 2741 628 2832 Dania
645 2733 812 2828 'eundem
837 2765 1059 2842 essepauoa
1076 2751 1161 2816 ante

106 2875 109 2880 '
191 2863 369 2938 decennia
393 2861 500 2938 nobis
532 2875 768 2963 apportatum
801 2860 1069 2964 contenderent
1076 2890 1088 2968 ᾖ
1120 2862 1163 2937 id

107 3041 112 3054 .
190 2985 291 3086 quod
314 2986 356 3059 in
380 2983 506 3060 libello
532 2983 693 3086 quodam
716 2985 927 3086 nuperrime
962 2984 1171 3084 repetitum

117 3191 121 3202 ι
188 3108 346 3182 maxime
371 3106 546 3187 miranres
572 3105 749 3182 videmus.
767 3088 892 3198 Quum
908 3107 1033 3207 itaque
1051 3103 1161 3180 sean-

99 3231 101 3236 ’
187 3227 364 3304 dinaviae·
394 3227 522 3328 vulgus
561 3253 603 3302 ea
640 3227 707 3302 suh
746 3251 838 3305 voce
873 3227 1047 3304 morbum
1080 3249 1160 3302 non

121 3343 127 3350 ’
189 3345 405 3450 cognoseat,
430 3351 515 3452 sed,
547 3353 673 3454 paucis
707 3351 779 3426 illie
812 3351 1021 3452 regionibus
1059 3351 1159 3436 oeci·

190 3469 397 3550 dentalibus
422 3475 597 3580 exceptis,
626 3499 647 3548 a
669 3475 912 3552 vetustissima
934 3471 1022 3548 inde
1038 3484 1156 3546 aetate

189 3597 453 3700 Snuuauskmn,
479 3590 679 3676 Semiusta
704 3595 928 3674 similibusve
944 3595 1024 3670 aliis
1040 3595 1158 3670 nomi·

188 3719 297 3796 nibus
324 3707 500 3826 appellet,
527 3749 642 3827 quum
667 3734 852 3826 praeterea
868 3711 1061 3824 antiquum
1082 3717 1156 3796 hoe
