2626 4470
246 272 313 364 ¹04

213 394 312 468 nulla
343 394 471 470 saltem
503 394 696 469 cerealium
729 401 883 498 penuria
915 398 1077 474 efficiunt
1089 453 1101 497 7
1132 413 1194 496 ut.

211 512 342 588 harum
366 517 554 614 regionum
578 516 720 591 incolae
747 517 919 592 foeditate
949 517 1100 594 vacentl
1124 560 1178 576 --

209 634 358 707 Annuas
373 636 599 711 medicorum
611 637 914 735 Norregiacorum
930 638 977 711 ad
989 665 1175 712 summum

156 781 158 800 ¹
211 756 403 854 imparium
427 760 556 832 missas
578 760 882 849 renuntiationes,
902 785 1055 858 quarum
1072 773 1178 834 uten-

210 874 339 949 darum
362 875 619 976 benignissima
643 877 735 954 mihi
769 880 874 978 copia
906 880 976 952 fuit
988 933 1000 979 ,
1030 880 1174 978 pervol-

208 997 307 1069 venti
333 998 424 1070 mihi
450 998 549 1071 nulla
574 998 621 1071 ab
646 985 963 1098 experientissimis
993 1000 1171 1098 medicis,

208 1116 339 1214 quibus
363 1120 572 1217 provinciae
605 1120 646 1192 T
640 1133 721 1194 otcn
746 1133 782 1194 et
806 1119 1059 1195 Hedemarlrcn
1084 1145 1172 1194 con·

209 1235 365 1308 creditae
398 1252 505 1336 sunt,
537 1237 658 1338 loprae
691 1241 851 1314 occurrit
880 1240 1029 1312 mentio.
1059 1239 1170 1314 Unde

208 1355 424 1430 concludere
445 1357 549 1456 licet,
570 1385 668 1459 eam,
693 1361 724 1433 ai
748 1359 883 1432 ibidem
905 1360 1068 1459 exsistat,
1093 1385 1173 1432 esse

163 1515 166 1522 .
207 1477 406 1552 admodum
431 1504 565 1577 raram3
587 1480 628 1553 id
653 1478 753 1580 quod
774 1479 999 1552 felicissimae
1022 1479 1169 1578 frugum

204 1597 458 1699 fructuumque
484 1594 641 1672 ubertati
666 1613 703 1673 et
723 1600 941 1674 rusticorum
957 1623 1072 1697 paene
1089 1624 1169 1671 om-

203 1720 307 1792 nium
332 1719 538 1819 opulentiae
564 1719 664 1793 lrsud
684 1721 865 1794 immerito
887 1717 1169 1792 adscribendum

165 1865 173 1872 ·
203 1837 357 1911 videtur.
370 1880 421 1896 -
434 1839 492 1912 Ad
506 1840 677 1914 Scaniam
694 1835 841 1912 denium
858 1843 1035 1935 nostram,
1053 1863 1168 1938 quam

202 1955 303 2055 lepra
328 1958 417 2031 olim
440 1961 598 2056 graviter
619 1974 784 2034 vexatam.
807 1959 915 2033 fuisse
930 1971 1073 2032 vetusta
1089 1983 1171 2034 mo-

202 2091 379 2148 numenta
403 2077 538 2151 docent
563 2076 635 2176 (ι),
658 2081 690 2152 si
712 2079 877 2152 animum
894 2091 1170 2166 convertamus,

202 2193 302 2268 idem
328 2196 604 2297 comprobatum
628 2198 801 2272 videmus
829 2196 900 2269 Sed
923 2196 1166 2295 piscationem

202 2315 254 2392 ibi
280 2331 371 2390 tunc
394 2342 471 2392 non
495 2319 616 2408 minus
640 2319 868 2420 frequentem
892 2316 1025 2405 fuisse,
1052 2341 1169 2417 quam

207 2659 246 2722 (1)
262 2654 294 2710 In
319 2654 468 2725 necrologio
484 2654 622 2709 nummi
645 2653 778 2708 Gonrrnu
802 2654 903 2708 mentio
930 2659 983 2722 ert,
1010 2653 1062 2728 qui
1086 2669 1160 2708 anno

261 2743 393 2796 Mcxxlv
409 2744 528 2813 leprosus
546 2741 613 2794 obiit
630 2741 742 2812 (Script
759 2741 817 2796 Ber.
835 2742 928 2796 Danic.
945 2741 1016 2795 med.
1033 2741 1092 2796 aevi
1114 2741 1158 2794 ed.

184 2889 188 2900 1
259 2831 316 2883 Jrc.
339 2833 478 2883 Luscum
502 2830 533 2882 T.
552 2830 598 2881 ΠΙ,
616 2829 692 2881 Heln.
719 2829 790 2899 1'77l·
809 2847 835 2899 p.
852 2830 1025 2898 459)3‚er
1043 2831 1160 2882 Demeas

258 2919 399 2970 Louuruus
416 2919 556 2970 Erurnnnu
579 2925 778 2985 commemorat,
801 2919 926 2968 ecclesiae
943 2917 1091 2970 Lundensls
1115 2935 1158 2968 ar-

258 3005 433 3073 chietectum‚
450 3005 497 3076 qui
514 3003 688 3056 moribundus
706 3021 776 3056 anno
793 3003 967 3057 rrectxxvl
991 3005 1156 3075 leprosorum

260 3093 423 3147 nosodochio
440 3099 599 3144 testamento
616 3091 752 3143 consuluit
768 3091 839 3154 (Ser.
858 3092 888 3146 lt.
906 3092 938 3144 D.
957 3091 1004 3144 111.
1024 3109 1050 3161 p
1073 3091 1155 3159 541),

257 3199 378 3235 necnon
395 3181 584 3246 Mancinum,
601 3178 727 3231 Srmuoes
744 3179 839 3246 filiam,
858 3197 927 3250 quae
944 3179 1055 3233 infirmia
1066 3179 1153 3250 lepro-

256 3269 298 3336 sis!
308 3285 325 3317 u
334 3269 362 3320 in
379 3267 459 3322 domo
475 3268 500 3320 S.
519 3267 625 3333 Georgii
641 3282 726 3336 prope
746 3267 846 3318 Lundis
870 3265 1059 3334 degentibus»
1085 3281 1156 3317 anno
1205 3267 1212 3296 ⁴

258 3354 373 3407 MCCCL
390 3373 517 3408 summam
534 3354 632 3422 legarit
649 3354 854 3406 anniversariam
871 3355 942 3416 (Scr.
960 3353 988 3406 lt
1007 3354 1039 3404 D.
1057 3352 1105 3404 Ill.
1127 3370 1154 3421 p.

257 3439 331 3508 499).
348 3442 460 3494 Doctisa
478 3441 568 3512 itaqu'e
585 3442 677 3508 Bruto,
694 3439 740 3510 qui
757 3441 928 3512 antiquitates
944 3439 1089 3492 Scanenses
1105 3439 1155 3489 siu-

258 3528 342 3595 gullri
361 3527 450 3580 studio
467 3529 661 3597 dignatusest,
679 3528 845 3597 leprosorum
860 3528 890 3580 in
906 3527 1041 3581 veteribus
1058 3542 1151 3578 monn·

255 3615 352 3668 mentis
370 3632 425 3666 non
441 3632 529 3668 raram
538 3633 676 3669 recurrere
687 3617 851 3668 mentionem
861 3631 926 3668 vere
938 3613 1014 3668 dicit.
1024 3613 1154 3676 (ldoaum.

255 3703 471 3756 scamnellum.
490 3703 605 3755 Svrrour
625 3704 710 3758 Bane.
728 3701 811 3758 Lond.
831 3701 911 3756 Goth.
935 3700 960 3770 4.
982 3700 1046 3756 Vol.
1069 3697 1103 3754 ll.
1124 3715 1151 3770 p·

143 3797 146 3804 '
257 3789 313 3860 248.
334 3788 616 3872 postulantum).
