2626 4470
268 289 336 340 roo

233 411 348 487 quae,
362 371 462 456 'teste
488 377 617 455 codem
633 380 731 480 viro,
748 377 794 454 de
811 379 969 456 alecibus
987 381 1069 454 suis
1080 406 1192 482 quon·
1221 451 1227 465 ,

236 508 323 580 dam
348 505 536 575 universae
561 502 636 574 fere
657 502 824 601 Europae
841 504 1044 601 prospicere
1060 506 1195 600 potuis·
1308 511 1309 538 ³

235 641 307 722 set,
327 639 420 698 terra
436 621 506 694 alia
522 635 690 722 quaestus
706 621 859 723 parandi
874 623 1018 720 negotia
1039 622 1193 698 subinde

237 744 389 846 experiri
416 755 613 839 cogeretur.
639 741 694 814 Ita
711 741 862 815 forsitan
878 740 924 816 ab
942 766 986 816 eo
1003 741 1091 814 inde
1107 756 1194 814 tem·
1308 751 1309 756 ’

235 890 342 966 pore,
360 885 433 960 quo
451 863 650 961 piscatura,
667 862 741 935 sive
758 859 807 934 ob
824 863 978 961 piscium
996 863 1192 957 raritatem,

235 986 312 1058 sive
338 981 386 1054 ob
411 1003 511 1052 mare
532 977 691 1052 hostium
713 978 867 1053 navibus
882 981 1113 1076 infestatum,
1128 975 1195 1051 Da·

235 1105 293 1178 nis
318 1103 439 1174 minus
463 1123 632 1198 prospere
658 1098 884 1197 succederet,
916 1125 1084 1197 agrorum
1119 1098 1194 1172 cul·

191 1253 195 1260 ·
227 1239 334 1320 tura,
359 1234 466 1292 antea
490 1218 648 1292 multum
668 1219 850 1320 neglecta,
870 1220 910 1294 in
929 1221 1045 1294 Dania
1062 1223 1195 1293 sensim

227 1339 355 1417 ¹attolli
375 1365 572 1440 'severeque
605 1339 809 1414 evalescere
837 1345 968 1442 coepit.
988 1379 1041 1400 -·
1062 1341 1196 1414 Omnia

236 1488 322 1539 vero
354 1460 488 1534 haecce
518 1485 596 1534 non
625 1472 798 1560 potuere,
830 1463 921 1560 quin
949 1461 1089 1560 lepram
1120 1485 1197 1534 non
1308 1549 1309 1560 ἵ

235 1575 444 1658 inhiberent
478 1579 615 1678 solum,
640 1605 768 1654 verum
797 1584 909 1654 etiam
942 1595 1090 1681 prorsus
1123 1582 1197 1653 fere
1308 1563 1309 1608 i

236 1701 432 1776 abolerent
455 1701 573 1799 Atque
595 1723 638 1776 ex
657 1701 821 1776 cumulis
839 1701 1054 1801 Ripensibus
1074 1699 1197 1791 videre
1283 1706 1287 1712 '
1308 1759 1309 1762 ,

235 1825 323 1898 licet
357 1822 428 1920 (r),
463 1845 549 1893 mox
586 1834 671 1920 post
707 1846 808 1894 saera
845 1823 1040 1896 reformata
1077 1821 1198 1896 morbi

236 1943 478 2041 frequentiam
502 1942 542 2012 in
567 1941 683 2012 Dania
708 1942 800 2015 adeo
826 1941 1043 2034 diminutam
1068 1943 1200 2041 fuisse,

236 2077 279 2136 ut
299 2087 426 2134 omrres
443 2061 477 2132 S.
491 2062 639 2158 Georgii
661 2060 790 2134 domus
811 2061 952 2162 aliaque
972 2065 1115 2136 minora
1135 2063 1200 2137 'no-

180 2167 184 2174 ‘
237 2183 398 2257 socomia
424 2181 576 2281 leprosis
601 2179 813 2256 hominibus
845 2165 1069 2282 excipiendis
1100 2181 1200 2258 haud

126 2307 143 2410 'N
239 2303 394 2404 amplius
419 2303 619 2374 necessaria
644 2301 854 2376 viderentur
879 2327 1077 2401 eorumque
1104 2302 1201 2376 redi-

239 2440 298 2498 tus
322 2419 615 2521 ptochotrophiis
639 2435 765 2520 postea
792 2419 1045 2494 tribuerentur.
1074 2419 1201 2521 Neque

207 2554 422 2645 ‘praeterea
446 2541 632 2613 Btnrsuun
655 2543 695 2613 in
725 2567 791 2614 suo
825 2541 968 2614 medico
1000 2539 1096 2614 libro
1131 2542 1194 2639 (2),

237 2687 357 2762 neque
381 2661 449 2733 Tu.
476 2661 727 2734 Btnrnoumos
754 2664 793 2734 in
826 2675 903 2734 tota
933 2659 996 2732 illa
1029 2659 1199 2732 disserta-

238 2785 356 2881 tione,
381 2779 445 2854 ubi
478 2779 523 2852 de
556 2767 769 2854 morborum
796 2779 934 2855 Daniae
960 2777 1199 2881 popularium

242 3234 479 3322 (1⁵)C'rssrernrd.
498 3243 568 3298 odies
586 3243 665 3296 Reess
683 3242 749 3298 elier
766 3261 810 3297 sas
830 3245 922 3298 kaidte
943 3245 977 3298 so
998 3245 1194 3315 Religionsarti·

234 3339 239 3344 '
267 3357 271 3366 ·
299 3335 373 3401 kier,
391 3333 452 3400 udg.
470 3333 479 3383 i
497 3331 561 3385 nite
581 3331 652 3396 1542.
670 3323 727 3384 tie
749 3333 833 3401 1849.
851 3331 886 3384 V.
903 3332 1042 3386 Hormus
1059 3333 1138 3385 Sami.
1160 3335 1194 3386 ai.

299 3419 513 3486 Stiftls.‚1⁴'eml.
536 3437 570 3487 og
592 3418 748 3474 Gavebrevc
770 3419 818 3472 udi
838 3421 973 3474 Danmark
997 3439 1038 3500 og¹
1051 3421 1148 3504 iim-ge.
1170 3421 1207 3482 11,
1308 3415 1309 3420 ’

299 3505 376 3559 Tem.
393 3506 499 3559 Kbhvn·
522 3507 592 3576 1756.
611 3507 636 3573 d.
654 3524 680 3576 p.
702 3525 758 3560 roo.

241 3599 284 3663 (a)
301 3594 342 3648 Eu
358 3592 431 3646 liden
458 3595 513 3661 Rog
540 3612 589 3666 om·
608 3595 764 3648 allebaande
792 3595 931 3666 Siugdom,
957 3614 1014 3650 som
1040 3583 1195 3652 Mebnisker
1308 3593 1309 3602 ’

299 3679 518 3750 mangioideiigen
534 3681 607 3735 leand
622 3681 765 3736 redersaric
782 3692 833 3738 etc.
856 3686 885 3740 ai
902 3686 986 3741 liam
1008 3683 1194 3741 Cntsrrnsm
1308 3753 1309 3764 1

298 3771 434 3825 Rursum.
452 3767 600 3840 Schlcszvig
617 3771 764 3829 uoxev1.
781 3772 805 3840 4.
