2626 4470
978 239 1052 342 rip
1194 321 1196 337 ,

105 363 227 440 donec
240 357 315 436 trio
345 357 550 460 character,
582 353 684 460 quod
714 351 875 435 inviter
906 365 1075 466 eveniet,¹

102 483 333 585 diapamerit.
369 482 423 556 st
440 495 566 556 autem
597 479 794 554 character
825 482 895 556 iste
926 486 1077 560 irritati·

100 632 171 681 nra
195 603 261 678 tali
294 629 381 680 cum
411 605 622 678 intansitate
654 614 767 704 caput
797 601 1004 706 extolleret,
1032 621 1076 685 ot

98 727 288 825 sanguinis
314 721 476 826 depletio
499 723 743 824 inficeretur,
768 737 875 798 carna
890 749 1003 801 manu
1018 729 1074 801 in·

101 850 286 945 struatur,
306 848 469 947 topicam
493 843 742 946 depletionem
758 843 953 928 universali
967 871 1077 948 prae-

101 967 274 1066 serenrl03
290 981 483 1068 propterea
501 968 844 1067 qoiecrrpertissimi
860 969 948 1042 artis
963 969 1071 1069 periti

103 1089 362 1188 observarunt,
387 1087 684 1182 venaeseetioncs
718 1086 920 1190 quidquam
945 1086 1077 1186 largio·
1193 1091 1198 1102 ’

101 1221 230 1308 resset
245 1208 317 1283 alvi
334 1210 567 1309 purgationes
582 1221 715 1320 parurn·
729 1210 974 1310 generosiores
990 1208 1076 1284 Pel-

101 1331 243 1429 lagram
277 1328 503 1429 accelerare,
535 1353 773 1431 exasperare,
799 1345 844 1431 et
875 1353 1000 1431 aegros
1031 1332 1073 1406 in

101 1441 263 1526 maxima
289 1450 498 1526 discrimina
524 1452 718 1552 conjicere.

103 1615 105 1622 ·
180 1572 351 1646 Attentos
375 1585 561 1674 praeterea
586 1574 635 1646 sit
659 1570 840 1669 Medieus3
856 1595 904 1644 ne
921 1597 942 1645 a
958 1585 1077 1645 ternu·

102 1694 235 1791 unna,
261 1695 455 1793 vertigine,
480 1689 681 1780 oculorum·
707 1691 969 1768 scintillatione
1000 1707 1070 1767 etc.

104 1815 153 1889 ad
178 1790 472 1890 venaeaectiones
497 1813 711 1912 selucatur,
737 1837 830 1916 qnae
848 1813 912 1888 tali
928 1815 968 1888 in
984 1839 1073 1887 ¹canu
1107 1831 1114 1840 '

106 1933 147 2010 si'
163 1935 263 2009 nulls
289 1935 359 2010 alia
374 1934 596 2036 phlogoaeot
610 1935 745 2010 adsunt
764 1935 1012 2010 manifestiora
1028 1938 1074 2010 si·
1187 1951 1205 1976 ²

105 2081 196 2155 grta,
223 2069 320 2130 certe
344 2059 385 2132 in
411 2059 509 2155 aegri
535 2051 796 2132 detrimentum
823 2055 971 2130 cedunt.

181 2175 293 2268 Quod
323 2179 354 2250 si
379 2201 489 2276 supra
514 2175 614 2250 diota
648 2175 694 2250 ab
732 2178 841 2252 initio
868 2175 990 2252 morbi
1019 2199 1071 2250 se·
1127 2243 1128 2246 ,

107 2294 199 2370 dulo
222 2297 333 2395 liunt,
359 2310 397 2369 et
413 2297 706 2399 circumstantiae
733 2297 875 2388 sanent,
890 2309 981 2372 tnnc·
999 2295 1078 2370 fere

106 2441 250 2517 semper
272 2407 423 2492 morbus
437 2415 640 2518 ‘jugulatur'
663 2419 702 2492 in
732 2420 846 2492 onnia.
873 2417 973 2492 Hinc
1000 2414 1074 2515 illi,

104 2536 238 2640 rpribus
269 2551 447 2638 tanquam
476 2537 577 2612 heris
612 2538 745 2614 miselli
782 2551 859 2612 tam
894 2537 1076 2612 submisse

104 2659 285 2756 sernum,
310 2657 381 2733 hae
406 2659 437 2732 si
468 2661 716 2760 corripiuntur
739 2659 819 2758 lue,
844 2659 876 2730 si
903 2681 981 2730 non
1006 2657 1079 2730 hu-

103 2779 287 2866 manitati,
312 2779 442 2858 saltem
468 2778 655 2858 commodi
680 2780 811 2878 petia,
834 2779 992 2852 maxime
1019 2779 1073 2852 in·

63 2973 68 2982 ,
103 2901 298 2974 fortunatis
322 2925 534 2980 succurrere
556 2899 732 2974 deberent
739 2921 853 3000 ‚nam
870 2897 1001 2974 melius
1017 2909 1078 2970 est

102 3047 169 3124 per
182 3029 357 3120 ‚mensem
383 3022 517 3098 horum
546 3010 752 3098 infelicium
784 3045 908 3108 carere
937 3018 1068 3092 labori·

104 3143 197 3242 bua‚
230 3167 341 3244 quam
372 3141 524 3245 perdere
555 3140 769 3240 individua,
803 3139 980 3214 illistam
1004 3158 1074 3212 net

106 3265 284 3358 cessaris:
621 3309 622 3312 =
885 3335 887 3342 ,
923 3325 926 3332 .
957 3327 959 3334 ,

172 3385 223 3460 -Si
254 3407 343 3462 vero
374 3393 622 3484 symptomata
655 3381 888 3482 angeliticae,
919 3389 983 3454 aut
1014 3376 1070 3452 lo·

105 3504 232 3582 terelin
264 3505 562 3607 supervenerint,
596 3501 670 3578 illis
704 3515 761 3578 est
793 3499 1079 3576 medicamentis

103 3627 247 3702 idoneis
272 3624 538 3726 occurendum,
569 3625 667 3700 inter
698 3645 792 3724 qnae
823 3629 1073 3724 symptomata

104 3745 315 3850 cephalica,
346 3748 532 3849 vomitus,
564 3741 756 3822 diarrhoea
773 3767 881 3846 saepe
904 3738 1078 3816 effrontis

106 3882 355 3944 numerantur.
631 3885 633 3890 '
