2612 4474
888 311 893 322 ·
962 257 1034 361 1'93

158 381 265 458 Multi
284 379 438 457 istorum
462 379 690 454 medicorum
706 379 756 452 in*
770 359 965 456 domiciliis
982 385 1057 458 suis
1113 359 1125 376 ’

83 519 297 608 apparatum
321 501 461 576 habent
485 500 705 602 peculiarem
730 525 798 600 pro
817 481 982 600 ipsorum¹
997 503 1060 578 de·

84 641 227 727 sperata
259 621 432 706 medendi
469 619 645 700 methodo
685 623 913 696 instructum.
953 625 1061 701 Multi

85 749 274 820 entemin
300 744 399 817 hunc
425 744 536 816 finem
561 743 701 816 balneis
727 746 926 844 vaporariis
952 747 1061 822 usita-

83 872 129 942 tis
156 880 329 966 utuntur,
353 867 394 938 in
421 863 553 964 quihus
579 877 812 964 aegrotorum
837 865 974 940 haecce
1005 881 1061 942 est

86 991 268 1064 tractatio.
388 969 399 984 ⁸
621 969 626 980 ⁸
1081 989 1086 999 '

159 1111 340 1186 Detractis
367 1111 538 1186 omnibus
563 1109 742 1200 restibus,
761 1133 905 1216 corpus·
917 1109 1060 1184 nudum
1088 1097 1092 1104 ¹

84 1235 245 1308 maximo
271 1232 465 1332 sudatorfi,
486 1233 558 1307 hoc
577 1229 730 1305 consilio
749 1233 891 1305 intense
908 1231 1061 1308 calefac·

86 1356 131 1452 ri,
159 1353 272 1428 calori
298 1357 500 1456 exponitur.
528 1355 649 1446 Quam
674 1353 835 1451 primum
853 1377 962 1426 omne
980 1379 1063 1428 cor··

84 1502 154 1576 pus
180 1475 312 1551 sudore
338 1475 469 1550 diffluit
490 1453 665 1549 etcolore
684 1489 831 1548 coctum
848 1477 1061 1575 aequiparat

85 1623 279 1697 cancrum,
303 1600 492 1700 iussusque
511 1611 697 1698 aegrotus,
711 1595 827 1669 linteo
843 1619 969 1696 panno
986 1621 1061 1670 ma·

84 1745 158 1818 gno
185 1720 369 1820 obtectus,
394 1746 441 1794 ne
468 1721 882 1818 amittaturquicquam
898 1717 1063 1817 effectus,

86 1841 278 1926 consideat
304 1867 413 1943 supra
435 1863 499 1918 ras
518 1839 760 1922 candentibus
777 1835 968 1940 impletum
988 1865 1064 1913 cer·

84 1963 263 2061 bonibus3
289 1982 375 2036 ecce
399 1965 532 2064 incipit
555 1961 695 2040 mffitus
729 1961 900 2036 terribilis
929 1963 1064 2033 ¹cinne-

84 2081 215 2182 baris⁷
246 2087 348 2158 cuins
381 2084 587 2185 complures
626 2085 818 2159 drachmas
852 2082 910 2158 vel
944 2081 1062 2181 soles,
1144 2073 1146 2080 ’

85 2203 147 2280 vel
180 2207 288 2282 variis
318 2205 445 2280 herbis
472 2205 668 2304 admixtas,
694 2233 726 2279 c.
745 2231 784 2306 g.
816 2205 1062 2305 hyoscyamo,

85 2323 262 2427 aliisque,
304 2305 523 2402 carbonihns
564 2330 853 2430 superiniiciunt.
890 2326 1072 2412 Mercurii¹

82 2449 425 2550 magna-uetulum
451 2475 471 2524 a
497 2452 614 2552 poris,
640 2453 784 2540 intenso
811 2447 932 2524 calore
959 2473 1059 2548 aper-

85 2573 134 2644 tis
142 2579 160 2670 ᾖ
173 2557 387 2674 'seduleqne
406 2570 677 2646 resorbentib‘us
703 2585 850 2669 recepta
866 2570 1061 2645 vehemen-

85 2706 164 2764 tem
202 2689 682 2792 produettmttvarionem,
722 2715 815 2789 quae
850 2687 1061 2787 interdum,

84 2814 225 2886 iteratis
263 2812 510 2889 cinnabarinis
547 2811 811 2911 suffitionibus,
849 2811 909 2890 vel
945 2811 1063 2884 nimio

84 2913 307 3036 hydrargyri
333 2936 526 3033 corresiri,
547 2931 774 3036 aliorumque
788 2931 1062 3006 mercurialium

48 3106 52 3114 ·
77 3055 234 3130 interno
247 3083 325 3155 usu,
333 3055 459 3158 plures
473 3081 539 3158 per
551 3055 800 3130 hebdomades
814 3057 1060 3128 continuatur.

165 3179 294 3254 Maiori
320 3166 436 3254 ctiam·
457 3173 635 3254 cruciatui
658 3180 689 3252 is
705 3167 886 3252 obnoxius
903 3189 974 3270 est,
998 3175 1062 3274 qui

85 3325 126 3374 se
155 3313 273 3374 totum
298 3314 337 3374 et
361 3303 541 3376 curationi
566 3301 648 3376 talis
669 3300 878 3376 medicestri
896 3297 1062 3371 absolute

86 3415 265 3496 submisit
291 3420 496 3526 Includitur
520 3421 648 3498 infelix
679 3422 802 3524 plures
835 3446 902 3522 per
934 3417 1061 3515 horas,

85 3544 164 3642 imo
197 3567 263 3643 per
290 3542 403 3643 dies,
444 3545 486 3617 in
525 3565 680 3646 pervum
719 3541 918 3641 conclave,
958 3541 1060 3614 cuiue

86 3667 128 3738 in
162 3689 331 3766 suprema
363 3679 467 3767 parte
501 3666 578 3742 sola
617 3666 842 3766 minimaque
878 3663 1060 3761 conspici·

78 3799 150 3920 ‘tur
174 3785 381 3887 fenestella,
406 3801 554 3885 aegroto
581 3777 684 3862 nullo
710 3785 823 3874 morlo
853 3781 1059 3883 aperienda.

219 3925 245 3983 l·
264 3925 354 3982 Frank
365 3927 470 3982 -vot
489 3927 522 3981 ll.
914 3941 933 3992 9
