<?xml version="1.0" encoding="UTF-8"?>
<!DOCTYPE html PUBLIC "-//W3C//DTD XHTML 1.0 Transitional//EN"
    "http://www.w3.org/TR/xhtml1/DTD/xhtml1-transitional.dtd">
<html xmlns="http://www.w3.org/1999/xhtml" xml:lang="en" lang="en">
 <head>
  <title>
</title>
<meta http-equiv="Content-Type" content="text/html;charset=utf-8" />
  <meta name='ocr-system' content='tesseract 3.04.00' />
  <meta name='ocr-capabilities' content='ocr_page ocr_carea ocr_par ocr_line ocrx_word'/>
</head>
<body>
  <div class='ocr_page' id='page_1' title='image "./delectusopuscul01frangoog_0142.png"; bbox 0 0 2626 4470; ppageno 0'>
   <div class='ocr_carea' id='block_1_1' title="bbox 101 243 1183 3856">
    <p class='ocr_par' dir='ltr' id='par_1_1' title="bbox 979 243 1051 328">
     <span class='ocr_line' id='line_1_1' title="bbox 979 243 1051 328; baseline 0.042 -3"><span class='ocrx_word' id='word_1_1' title='bbox 979 243 1051 328; x_wconf 75' lang='lat'><strong>13³³·</strong></span> 
     </span>
    </p>

    <p class='ocr_par' dir='ltr' id='par_1_2' title="bbox 102 353 1183 2884">
     <span class='ocr_line' id='line_1_2' title="bbox 113 353 1144 476; baseline 0.003 -28"><span class='ocrx_word' id='word_1_2' title='bbox 113 353 403 450; x_wconf 80' lang='lat' dir='ltr'><strong>adlectionemet</strong></span> <span class='ocrx_word' id='word_1_3' title='bbox 418 369 596 476; x_wconf 89' lang='lat' dir='ltr'><strong>reliquam</strong></span> <span class='ocrx_word' id='word_1_4' title='bbox 613 383 902 473; x_wconf 80' lang='lat' dir='ltr'><strong>symptomatum</strong></span> <span class='ocrx_word' id='word_1_5' title='bbox 919 369 1075 472; x_wconf 78' lang='lat' dir='ltr'><strong>syndro·</strong></span> <span class='ocrx_word' id='word_1_6' title='bbox 1139 443 1144 450; x_wconf 89' lang='lat'>.</span> 
     </span>
     <span class='ocr_line' id='line_1_3' title="bbox 111 492 1076 594; baseline -0.002 -26"><span class='ocrx_word' id='word_1_7' title='bbox 111 521 192 568; x_wconf 89' lang='lat' dir='ltr'><strong>men</strong></span> <span class='ocrx_word' id='word_1_8' title='bbox 214 494 483 585; x_wconf 30' lang='lat' dir='ltr'><strong>,instituendum</strong></span> <span class='ocrx_word' id='word_1_9' title='bbox 506 517 703 568; x_wconf 84' lang='lat' dir='ltr'><strong>censemus.</strong></span> <span class='ocrx_word' id='word_1_10' title='bbox 736 493 773 564; x_wconf 81' lang='lat' dir='ltr'><strong>si</strong></span> <span class='ocrx_word' id='word_1_11' title='bbox 799 492 1076 594; x_wconf 81' lang='lat' dir='ltr'><strong>experientiam,</strong></span> 
     </span>
     <span class='ocr_line' id='line_1_4' title="bbox 109 614 1076 716; baseline -0.001 -27"><span class='ocrx_word' id='word_1_12' title='bbox 109 641 215 716; x_wconf 90' lang='lat' dir='ltr'><strong>quam</strong></span> <span class='ocrx_word' id='word_1_13' title='bbox 229 614 373 690; x_wconf 90' lang='lat' dir='ltr'><strong>ducem</strong></span> <span class='ocrx_word' id='word_1_14' title='bbox 397 639 443 689; x_wconf 84' lang='lat' dir='ltr'><strong>ex</strong></span> <span class='ocrx_word' id='word_1_15' title='bbox 467 615 619 688; x_wconf 88' lang='lat' dir='ltr'><strong>rationis</strong></span> <span class='ocrx_word' id='word_1_16' title='bbox 654 626 850 712; x_wconf 89' lang='lat' dir='ltr'><strong>praecepto</strong></span> <span class='ocrx_word' id='word_1_17' title='bbox 886 637 1076 716; x_wconf 91' lang='lat' dir='ltr'><strong>nunquam</strong></span> 
     </span>
     <span class='ocr_line' id='line_1_5' title="bbox 109 730 1077 838; baseline 0.001 -30"><span class='ocrx_word' id='word_1_18' title='bbox 109 735 355 838; x_wconf 83' lang='lat' dir='ltr'><strong>derelinquere</strong></span> <span class='ocrx_word' id='word_1_19' title='bbox 382 747 552 836; x_wconf 83' lang='lat' dir='ltr'><strong>oportet,</strong></span> <span class='ocrx_word' id='word_1_20' title='bbox 584 730 831 831; x_wconf 85' lang='lat' dir='ltr'><strong>consulimus,</strong></span> <span class='ocrx_word' id='word_1_21' title='bbox 858 733 998 834; x_wconf 78' lang='lat' dir='ltr'><strong>nullam</strong></span> <span class='ocrx_word' id='word_1_22' title='bbox 1020 737 1077 810; x_wconf 89' lang='lat' dir='ltr'><strong>in·</strong></span> 
     </span>
     <span class='ocr_line' id='line_1_6' title="bbox 107 853 1125 956; baseline -0.002 -26"><span class='ocrx_word' id='word_1_23' title='bbox 107 857 291 930; x_wconf 75' lang='lat' dir='ltr'><strong>veniemus</strong></span> <span class='ocrx_word' id='word_1_24' title='bbox 316 853 656 956; x_wconf 84' lang='lat' dir='ltr'><strong>phaenomenomm</strong></span> <span class='ocrx_word' id='word_1_25' title='bbox 672 853 807 929; x_wconf 90' lang='lat' dir='ltr'><strong>horum</strong></span> <span class='ocrx_word' id='word_1_26' title='bbox 833 856 929 929; x_wconf 90' lang='lat' dir='ltr'><strong>inter</strong></span> <span class='ocrx_word' id='word_1_27' title='bbox 953 879 990 927; x_wconf 91' lang='lat' dir='ltr'><strong>se</strong></span> <span class='ocrx_word' id='word_1_28' title='bbox 1015 877 1075 930; x_wconf 80' lang='lat' dir='ltr'><strong>re·-</strong></span> <span class='ocrx_word' id='word_1_29' title='bbox 1120 937 1125 948; x_wconf 45' lang='grc'>,</span> 
     </span>
     <span class='ocr_line' id='line_1_7' title="bbox 108 973 1078 1076; baseline 0.003 -29"><span class='ocrx_word' id='word_1_30' title='bbox 108 973 281 1051; x_wconf 87' lang='lat' dir='ltr'><strong>lationem</strong></span> <span class='ocrx_word' id='word_1_31' title='bbox 294 1003 305 1074; x_wconf 79' lang='lat'><em>3</em></span> <span class='ocrx_word' id='word_1_32' title='bbox 331 999 418 1048; x_wconf 89' lang='lat' dir='ltr'><strong>nam</strong></span> <span class='ocrx_word' id='word_1_33' title='bbox 444 974 568 1076; x_wconf 86' lang='lat' dir='ltr'><strong>quoad</strong></span> <span class='ocrx_word' id='word_1_34' title='bbox 598 973 740 1076; x_wconf 89' lang='lat' dir='ltr'><strong>reliqua</strong></span> <span class='ocrx_word' id='word_1_35' title='bbox 775 973 967 1076; x_wconf 77' lang='lat' dir='ltr'><strong>pellagrosi</strong></span> <span class='ocrx_word' id='word_1_36' title='bbox 1000 999 1078 1050; x_wconf 95' lang='lat' dir='ltr'><strong>non</strong></span> 
     </span>
     <span class='ocr_line' id='line_1_8' title="bbox 109 1093 1080 1198; baseline 0.001 -29"><span class='ocrx_word' id='word_1_37' title='bbox 109 1121 295 1198; x_wconf 89' lang='lat' dir='ltr'><strong>nunquam</strong></span> <span class='ocrx_word' id='word_1_38' title='bbox 319 1093 450 1171; x_wconf 77' lang='lat' dir='ltr'><strong>leviter</strong></span> <span class='ocrx_word' id='word_1_39' title='bbox 474 1107 683 1194; x_wconf 81' lang='lat' dir='ltr'><strong>aegrotant,</strong></span> <span class='ocrx_word' id='word_1_40' title='bbox 716 1093 805 1170; x_wconf 85' lang='lat' dir='ltr'><strong>licet</strong></span> <span class='ocrx_word' id='word_1_41' title='bbox 835 1119 965 1170; x_wconf 83' lang='lat' dir='ltr'><strong>manus</strong></span> <span class='ocrx_word' id='word_1_42' title='bbox 977 1152 988 1197; x_wconf 83' lang='lat'>,</span> <span class='ocrx_word' id='word_1_43' title='bbox 1012 1121 1080 1198; x_wconf 90' lang='lat' dir='ltr'><strong>pe·</strong></span> 
     </span>
     <span class='ocr_line' id='line_1_9' title="bbox 110 1215 1079 1317; baseline 0 -26"><span class='ocrx_word' id='word_1_44' title='bbox 110 1217 191 1317; x_wconf 82' lang='lat' dir='ltr'><strong>des,</strong></span> <span class='ocrx_word' id='word_1_45' title='bbox 217 1215 353 1291; x_wconf 87' lang='lat' dir='ltr'><strong>aliaeve</strong></span> <span class='ocrx_word' id='word_1_46' title='bbox 380 1217 542 1316; x_wconf 89' lang='lat' dir='ltr'><strong>corporis</strong></span> <span class='ocrx_word' id='word_1_47' title='bbox 567 1228 688 1315; x_wconf 89' lang='lat' dir='ltr'><strong>partes</strong></span> <span class='ocrx_word' id='word_1_48' title='bbox 713 1216 789 1289; x_wconf 75' lang='lat' dir='ltr'><strong>atri</strong></span> <span class='ocrx_word' id='word_1_49' title='bbox 811 1218 993 1317; x_wconf 86' lang='lat' dir='ltr'><strong>expositae</strong></span> <span class='ocrx_word' id='word_1_50' title='bbox 1019 1216 1079 1291; x_wconf 89' lang='lat' dir='ltr'><strong>de·</strong></span> 
     </span>
     <span class='ocr_line' id='line_1_10' title="bbox 109 1333 1078 1440; baseline 0.002 -30"><span class='ocrx_word' id='word_1_51' title='bbox 109 1336 400 1437; x_wconf 87' lang='lat' dir='ltr'><strong>squamationem</strong></span> <span class='ocrx_word' id='word_1_52' title='bbox 424 1334 613 1410; x_wconf 86' lang='lat' dir='ltr'><strong>horridam</strong></span> <span class='ocrx_word' id='word_1_53' title='bbox 633 1333 805 1435; x_wconf 79' lang='lat' dir='ltr'><strong>offerant3</strong></span> <span class='ocrx_word' id='word_1_54' title='bbox 827 1334 915 1410; x_wconf 88' lang='lat' dir='ltr'><strong>alias</strong></span> <span class='ocrx_word' id='word_1_55' title='bbox 930 1351 1078 1440; x_wconf 84' lang='lat' dir='ltr'><strong>eontra,</strong></span> 
     </span>
     <span class='ocr_line' id='line_1_11' title="bbox 109 1449 1080 1556; baseline 0.002 -25"><span class='ocrx_word' id='word_1_56' title='bbox 109 1484 193 1531; x_wconf 92' lang='lat' dir='ltr'><strong>cum</strong></span> <span class='ocrx_word' id='word_1_57' title='bbox 217 1455 398 1530; x_wconf 83' lang='lat' dir='ltr'><strong>cuticulae</strong></span> <span class='ocrx_word' id='word_1_58' title='bbox 423 1453 604 1530; x_wconf 89' lang='lat' dir='ltr'><strong>levissima</strong></span> <span class='ocrx_word' id='word_1_59' title='bbox 620 1449 848 1556; x_wconf 81' lang='lat' dir='ltr'><strong>separatione</strong></span> <span class='ocrx_word' id='word_1_60' title='bbox 872 1455 922 1532; x_wconf 85' lang='lat' dir='ltr'><strong>ad</strong></span> <span class='ocrx_word' id='word_1_61' title='bbox 937 1457 1080 1534; x_wconf 85' lang='lat' dir='ltr'><strong>concla-</strong></span> 
     </span>
     <span class='ocr_line' id='line_1_12' title="bbox 107 1574 1070 1677; baseline 0.003 -26"><span class='ocrx_word' id='word_1_62' title='bbox 107 1590 248 1652; x_wconf 90' lang='lat' dir='ltr'><strong>matum</strong></span> <span class='ocrx_word' id='word_1_63' title='bbox 270 1575 389 1652; x_wconf 86' lang='lat' dir='ltr'><strong>morbi</strong></span> <span class='ocrx_word' id='word_1_64' title='bbox 414 1574 565 1676; x_wconf 82' lang='lat' dir='ltr'><strong>gradum</strong></span> <span class='ocrx_word' id='word_1_65' title='bbox 585 1576 708 1650; x_wconf 89' lang='lat' dir='ltr'><strong>miseri</strong></span> <span class='ocrx_word' id='word_1_66' title='bbox 723 1577 951 1677; x_wconf 86' lang='lat' dir='ltr'><strong>perveniunt</strong></span> <span class='ocrx_word' id='word_1_67' title='bbox 970 1575 1070 1670; x_wconf 88' lang='lat' dir='ltr'><strong>Quin</strong></span> 
     </span>
     <span class='ocr_line' id='line_1_13' title="bbox 106 1694 1075 1800; baseline 0 -28"><span class='ocrx_word' id='word_1_68' title='bbox 106 1701 179 1774; x_wconf 91' lang='lat' dir='ltr'><strong>imo</strong></span> <span class='ocrx_word' id='word_1_69' title='bbox 205 1722 315 1800; x_wconf 85' lang='lat' dir='ltr'><strong>saepe</strong></span> <span class='ocrx_word' id='word_1_70' title='bbox 340 1696 498 1795; x_wconf 79' lang='lat' dir='ltr'><strong>accidit,</strong></span> <span class='ocrx_word' id='word_1_71' title='bbox 531 1709 574 1770; x_wconf 88' lang='lat' dir='ltr'><strong>ut</strong></span> <span class='ocrx_word' id='word_1_72' title='bbox 603 1694 704 1772; x_wconf 90' lang='lat' dir='ltr'><strong>idem</strong></span> <span class='ocrx_word' id='word_1_73' title='bbox 737 1721 866 1797; x_wconf 83' lang='lat' dir='ltr'><strong>aeger,</strong></span> <span class='ocrx_word' id='word_1_74' title='bbox 891 1723 959 1800; x_wconf 88' lang='lat' dir='ltr'><strong>per</strong></span> <span class='ocrx_word' id='word_1_75' title='bbox 983 1699 1075 1774; x_wconf 80' lang='lat' dir='ltr'><strong>anni·</strong></span> 
     </span>
     <span class='ocr_line' id='line_1_14' title="bbox 106 1815 1071 1919; baseline 0 -27"><span class='ocrx_word' id='word_1_76' title='bbox 106 1821 213 1894; x_wconf 77' lang='lat' dir='ltr'><strong>unius</strong></span> <span class='ocrx_word' id='word_1_77' title='bbox 239 1817 453 1916; x_wconf 81' lang='lat' dir='ltr'><strong>decursum,</strong></span> <span class='ocrx_word' id='word_1_78' title='bbox 474 1817 548 1890; x_wconf 82' lang='lat' dir='ltr'><strong>fere</strong></span> <span class='ocrx_word' id='word_1_79' title='bbox 565 1815 707 1890; x_wconf 89' lang='lat' dir='ltr'><strong>nullum</strong></span> <span class='ocrx_word' id='word_1_80' title='bbox 724 1817 850 1892; x_wconf 91' lang='lat' dir='ltr'><strong>salutis</strong></span> <span class='ocrx_word' id='word_1_81' title='bbox 868 1820 1071 1919; x_wconf 85' lang='lat' dir='ltr'><strong>experiatur</strong></span> 
     </span>
     <span class='ocr_line' id='line_1_15' title="bbox 108 1937 1071 2040; baseline -0.001 -25"><span class='ocrx_word' id='word_1_82' title='bbox 108 1937 392 2029; x_wconf 87' lang='lat' dir='ltr'><strong>detrimentum,</strong></span> <span class='ocrx_word' id='word_1_83' title='bbox 424 1939 492 2012; x_wconf 87' lang='lat' dir='ltr'><strong>etsi</strong></span> <span class='ocrx_word' id='word_1_84' title='bbox 529 1939 687 2012; x_wconf 88' lang='lat' dir='ltr'><strong>maxima</strong></span> <span class='ocrx_word' id='word_1_85' title='bbox 719 1940 765 2012; x_wconf 90' lang='lat' dir='ltr'><strong>sit</strong></span> <span class='ocrx_word' id='word_1_86' title='bbox 798 1937 1071 2040; x_wconf 80' lang='lat' dir='ltr'><strong>desquamati03</strong></span> 
     </span>
     <span class='ocr_line' id='line_1_16' title="bbox 105 2058 1183 2160; baseline 0 -26"><span class='ocrx_word' id='word_1_87' title='bbox 105 2062 219 2137; x_wconf 89' lang='lat' dir='ltr'><strong>altero</strong></span> <span class='ocrx_word' id='word_1_88' title='bbox 246 2059 559 2160; x_wconf 76' lang='lat' dir='ltr'><strong>contra&#39;pessitna</strong></span> <span class='ocrx_word' id='word_1_89' title='bbox 592 2058 816 2152; x_wconf 82' lang='lat' dir='ltr'><strong>valetudine.</strong></span> <span class='ocrx_word' id='word_1_90' title='bbox 832 2070 978 2158; x_wconf 85' lang='lat' dir='ltr'><strong>utatur,</strong></span> <span class='ocrx_word' id='word_1_91' title='bbox 1009 2061 1072 2134; x_wconf 82' lang='lat' dir='ltr'><strong>vix</strong></span> <span class='ocrx_word' id='word_1_92' title='bbox 1180 2142 1183 2149; x_wconf 56' lang='grc'><strong>,</strong></span> 
     </span>
     <span class='ocr_line' id='line_1_17' title="bbox 105 2180 1073 2282; baseline -0.001 -26"><span class='ocrx_word' id='word_1_93' title='bbox 105 2181 180 2257; x_wconf 93' lang='lat' dir='ltr'><strong>ullo</strong></span> <span class='ocrx_word' id='word_1_94' title='bbox 206 2193 406 2282; x_wconf 84' lang='lat' dir='ltr'><strong>apparente</strong></span> <span class='ocrx_word' id='word_1_95' title='bbox 431 2184 509 2281; x_wconf 86' lang='lat' dir='ltr'><strong>ejus</strong></span> <span class='ocrx_word' id='word_1_96' title='bbox 533 2180 694 2278; x_wconf 78' lang='lat' dir='ltr'><strong>uestigio.</strong></span> <span class='ocrx_word' id='word_1_97' title='bbox 720 2180 829 2256; x_wconf 90' lang='lat' dir='ltr'><strong>Hisce</strong></span> <span class='ocrx_word' id='word_1_98' title='bbox 858 2193 981 2255; x_wconf 86' lang='lat' dir='ltr'><strong>autem</strong></span> <span class='ocrx_word' id='word_1_99' title='bbox 1007 2180 1073 2255; x_wconf 88' lang='lat' dir='ltr'><strong>ad·</strong></span> 
     </span>
     <span class='ocr_line' id='line_1_18' title="bbox 106 2298 1073 2401; baseline 0 -25"><span class='ocrx_word' id='word_1_100' title='bbox 106 2301 271 2378; x_wconf 86' lang='lat' dir='ltr'><strong>dandum</strong></span> <span class='ocrx_word' id='word_1_101' title='bbox 296 2314 367 2400; x_wconf 81' lang='lat' dir='ltr'><strong>est,</strong></span> <span class='ocrx_word' id='word_1_102' title='bbox 393 2311 583 2384; x_wconf 82' lang='lat' dir='ltr'><strong>externum</strong></span> <span class='ocrx_word' id='word_1_103' title='bbox 598 2298 809 2400; x_wconf 86' lang='lat' dir='ltr'><strong>hujusmodi</strong></span> <span class='ocrx_word' id='word_1_104' title='bbox 825 2301 955 2376; x_wconf 86' lang='lat' dir='ltr'><strong>vitium</strong></span> <span class='ocrx_word' id='word_1_105' title='bbox 962 2356 973 2401; x_wconf 87' lang='lat'><strong><em>,</em></strong></span> <span class='ocrx_word' id='word_1_106' title='bbox 998 2327 1073 2376; x_wconf 87' lang='lat' dir='ltr'><strong>sae·</strong></span> 
     </span>
     <span class='ocr_line' id='line_1_19' title="bbox 105 2397 1073 2524; baseline 0 -26"><span class='ocrx_word' id='word_1_107' title='bbox 105 2449 150 2524; x_wconf 92' lang='lat' dir='ltr'><strong>pe</strong></span> <span class='ocrx_word' id='word_1_108' title='bbox 188 2419 252 2500; x_wconf 77' lang='lat' dir='ltr'><strong>vel</strong></span> <span class='ocrx_word' id='word_1_109' title='bbox 282 2397 441 2522; x_wconf 84' lang='lat' dir='ltr'><strong>simplici</strong></span> <span class='ocrx_word' id='word_1_110' title='bbox 465 2419 604 2496; x_wconf 86' lang='lat' dir='ltr'><strong>lotione</strong></span> <span class='ocrx_word' id='word_1_111' title='bbox 637 2423 778 2520; x_wconf 88' lang='lat' dir='ltr'><strong>minui,</strong></span> <span class='ocrx_word' id='word_1_112' title='bbox 810 2420 869 2496; x_wconf 84' lang='lat' dir='ltr'><strong>vel</strong></span> <span class='ocrx_word' id='word_1_113' title='bbox 894 2421 972 2498; x_wconf 89' lang='lat' dir='ltr'><strong>sola</strong></span> <span class='ocrx_word' id='word_1_114' title='bbox 996 2425 1073 2500; x_wconf 81' lang='lat' dir='ltr'><strong>vita</strong></span> 
     </span>
     <span class='ocr_line' id='line_1_20' title="bbox 103 2539 1075 2643; baseline -0.001 -26"><span class='ocrx_word' id='word_1_115' title='bbox 103 2541 293 2618; x_wconf 89' lang='lat' dir='ltr'><strong>umbratili</strong></span> <span class='ocrx_word' id='word_1_116' title='bbox 319 2539 455 2640; x_wconf 85' lang='lat' dir='ltr'><strong>deleri,</strong></span> <span class='ocrx_word' id='word_1_117' title='bbox 485 2543 575 2643; x_wconf 90' lang='lat' dir='ltr'><strong>quin</strong></span> <span class='ocrx_word' id='word_1_118' title='bbox 607 2542 648 2615; x_wconf 93' lang='lat' dir='ltr'><strong>in</strong></span> <span class='ocrx_word' id='word_1_119' title='bbox 681 2542 830 2643; x_wconf 88' lang='lat' dir='ltr'><strong>reliquis</strong></span> <span class='ocrx_word' id='word_1_120' title='bbox 855 2545 972 2640; x_wconf 82' lang='lat' dir='ltr'><strong>magis</strong></span> <span class='ocrx_word' id='word_1_121' title='bbox 995 2567 1075 2616; x_wconf 89' lang='lat' dir='ltr'><strong>sae·</strong></span> 
     </span>
     <span class='ocr_line' id='line_1_21' title="bbox 102 2659 1075 2764; baseline -0.004 -24"><span class='ocrx_word' id='word_1_122' title='bbox 102 2661 287 2740; x_wconf 79' lang='lat' dir='ltr'><strong>viantibus</strong></span> <span class='ocrx_word' id='word_1_123' title='bbox 312 2661 621 2764; x_wconf 78' lang='lat' dir='ltr'><strong>symptometibus</strong></span> <span class='ocrx_word' id='word_1_124' title='bbox 646 2659 764 2734; x_wconf 88' lang='lat' dir='ltr'><strong>ullum</strong></span> <span class='ocrx_word' id='word_1_125' title='bbox 780 2663 1010 2762; x_wconf 88' lang='lat' dir='ltr'><strong>experiantur</strong></span> <span class='ocrx_word' id='word_1_126' title='bbox 1025 2661 1075 2736; x_wconf 87' lang='lat' dir='ltr'><strong>le·</strong></span> 
     </span>
     <span class='ocr_line' id='line_1_22' title="bbox 102 2775 1075 2884; baseline -0.003 -23"><span class='ocrx_word' id='word_1_127' title='bbox 102 2809 263 2880; x_wconf 67' lang='lat' dir='ltr'><strong>ramam·</strong></span> <span class='ocrx_word' id='word_1_128' title='bbox 276 2783 407 2862; x_wconf 87' lang='lat' dir='ltr'><strong>morbo</strong></span> <span class='ocrx_word' id='word_1_129' title='bbox 423 2795 550 2858; x_wconf 87' lang='lat' dir='ltr'><strong>contra</strong></span> <span class='ocrx_word' id='word_1_130' title='bbox 566 2781 607 2856; x_wconf 92' lang='lat' dir='ltr'><strong>in</strong></span> <span class='ocrx_word' id='word_1_131' title='bbox 620 2786 725 2884; x_wconf 83' lang='lat' dir='ltr'><strong>pejus</strong></span> <span class='ocrx_word' id='word_1_132' title='bbox 742 2805 819 2856; x_wconf 89' lang='lat' dir='ltr'><strong>non</strong></span> <span class='ocrx_word' id='word_1_133' title='bbox 835 2805 917 2856; x_wconf 88' lang='lat' dir='ltr'><strong>raro</strong></span> <span class='ocrx_word' id='word_1_134' title='bbox 934 2775 1075 2858; x_wconf 78' lang='lat' dir='ltr'><strong>niente.</strong></span> 
     </span>
    </p>

    <p class='ocr_par' dir='ltr' id='par_1_3' title="bbox 101 2889 1156 3730">
     <span class='ocr_line' id='line_1_23' title="bbox 180 2889 1156 3003; baseline 0.002 -29"><span class='ocrx_word' id='word_1_135' title='bbox 180 2901 301 2996; x_wconf 84' lang='lat' dir='ltr'><strong>Quae</strong></span> <span class='ocrx_word' id='word_1_136' title='bbox 319 2927 406 2979; x_wconf 90' lang='lat' dir='ltr'><strong>cum</strong></span> <span class='ocrx_word' id='word_1_137' title='bbox 437 2902 489 2976; x_wconf 88' lang='lat' dir='ltr'><strong>ita</strong></span> <span class='ocrx_word' id='word_1_138' title='bbox 522 2902 597 2975; x_wconf 88' lang='lat' dir='ltr'><strong>sint</strong></span> <span class='ocrx_word' id='word_1_139' title='bbox 609 2955 620 3001; x_wconf 69' lang='lat'><em>7</em></span> <span class='ocrx_word' id='word_1_140' title='bbox 653 2901 747 2976; x_wconf 87' lang='lat' dir='ltr'><strong>cutis</strong></span> <span class='ocrx_word' id='word_1_141' title='bbox 780 2900 1075 3003; x_wconf 86' lang='lat' dir='ltr'><strong>deturpationem</strong></span> <span class='ocrx_word' id='word_1_142' title='bbox 1152 2889 1156 2898; x_wconf 65' lang='grc'><strong>’</strong></span> 
     </span>
     <span class='ocr_line' id='line_1_24' title="bbox 104 3023 1075 3126; baseline -0.004 -26"><span class='ocrx_word' id='word_1_143' title='bbox 104 3030 284 3126; x_wconf 82' lang='lat' dir='ltr'><strong>majorem</strong></span> <span class='ocrx_word' id='word_1_144' title='bbox 317 3023 376 3099; x_wconf 83' lang='lat' dir='ltr'><strong>vel</strong></span> <span class='ocrx_word' id='word_1_145' title='bbox 408 3024 589 3098; x_wconf 89' lang='lat' dir='ltr'><strong>minorem</strong></span> <span class='ocrx_word' id='word_1_146' title='bbox 625 3046 693 3106; x_wconf 88' lang='lat' dir='ltr'><strong>nec</strong></span> <span class='ocrx_word' id='word_1_147' title='bbox 726 3047 800 3123; x_wconf 62' lang='lat' dir='ltr'><strong>pro,</strong></span> <span class='ocrx_word' id='word_1_148' title='bbox 826 3033 1075 3124; x_wconf 84' lang='lat' dir='ltr'><strong>symptomata</strong></span> 
     </span>
     <span class='ocr_line' id='line_1_25' title="bbox 101 3141 1076 3242; baseline -0.006 -23"><span class='ocrx_word' id='word_1_149' title='bbox 101 3143 290 3242; x_wconf 85' lang='lat' dir='ltr'><strong>Pellagrae</strong></span> <span class='ocrx_word' id='word_1_150' title='bbox 315 3141 506 3220; x_wconf 90' lang='lat' dir='ltr'><strong>individuo</strong></span> <span class='ocrx_word' id='word_1_151' title='bbox 523 3141 693 3240; x_wconf 81' lang='lat' dir='ltr'><strong>habebis,</strong></span> <span class='ocrx_word' id='word_1_152' title='bbox 718 3165 789 3216; x_wconf 85' lang='lat' dir='ltr'><strong>nee</strong></span> <span class='ocrx_word' id='word_1_153' title='bbox 812 3141 933 3217; x_wconf 90' lang='lat' dir='ltr'><strong>morbi</strong></span> <span class='ocrx_word' id='word_1_154' title='bbox 957 3141 1076 3214; x_wconf 84' lang='lat' dir='ltr'><strong>inten-</strong></span> 
     </span>
     <span class='ocr_line' id='line_1_26' title="bbox 104 3259 1075 3364; baseline -0.002 -26"><span class='ocrx_word' id='word_1_155' title='bbox 104 3266 254 3342; x_wconf 83' lang='lat' dir='ltr'><strong>sitatem</strong></span> <span class='ocrx_word' id='word_1_156' title='bbox 286 3263 416 3340; x_wconf 86' lang='lat' dir='ltr'><strong>exinde</strong></span> <span class='ocrx_word' id='word_1_157' title='bbox 451 3263 634 3363; x_wconf 79' lang='lat' dir='ltr'><strong>metieris„</strong></span> <span class='ocrx_word' id='word_1_158' title='bbox 668 3287 787 3364; x_wconf 88' lang='lat' dir='ltr'><strong>neque</strong></span> <span class='ocrx_word' id='word_1_159' title='bbox 820 3259 992 3340; x_wconf 88' lang='lat' dir='ltr'><strong>morbum</strong></span> <span class='ocrx_word' id='word_1_160' title='bbox 1026 3260 1075 3336; x_wconf 84' lang='lat' dir='ltr'><strong>ad</strong></span> 
     </span>
     <span class='ocr_line' id='line_1_27' title="bbox 105 3379 1077 3482; baseline -0.004 -22"><span class='ocrx_word' id='word_1_161' title='bbox 105 3398 349 3464; x_wconf 76' lang='lat' dir='ltr'><strong>cutaneorum</strong></span> <span class='ocrx_word' id='word_1_162' title='bbox 373 3383 548 3482; x_wconf 83' lang='lat' dir='ltr'><strong>classem,</strong></span> <span class='ocrx_word' id='word_1_163' title='bbox 581 3384 637 3459; x_wconf 88' lang='lat' dir='ltr'><strong>uti</strong></span> <span class='ocrx_word' id='word_1_164' title='bbox 660 3381 767 3458; x_wconf 84' lang='lat' dir='ltr'><strong>multi</strong></span> <span class='ocrx_word' id='word_1_165' title='bbox 793 3382 959 3480; x_wconf 74' lang='lat' dir='ltr'><strong>fecerunt</strong></span> <span class='ocrx_word' id='word_1_166' title='bbox 971 3436 983 3481; x_wconf 88' lang='lat'><strong><em>,</em></strong></span> <span class='ocrx_word' id='word_1_167' title='bbox 1008 3379 1077 3456; x_wconf 91' lang='lat' dir='ltr'><strong>ad-</strong></span> 
     </span>
     <span class='ocr_line' id='line_1_28' title="bbox 105 3493 1078 3606; baseline -0.004 -26"><span class='ocrx_word' id='word_1_168' title='bbox 105 3497 254 3580; x_wconf 84' lang='lat' dir='ltr'><strong>scribes.</strong></span> <span class='ocrx_word' id='word_1_169' title='bbox 272 3501 356 3580; x_wconf 88' lang='lat' dir='ltr'><strong>Tali</strong></span> <span class='ocrx_word' id='word_1_170' title='bbox 371 3529 456 3606; x_wconf 85' lang='lat' dir='ltr'><strong>ergo</strong></span> <span class='ocrx_word' id='word_1_171' title='bbox 473 3505 613 3580; x_wconf 86' lang='lat' dir='ltr'><strong>ratione</strong></span> <span class='ocrx_word' id='word_1_172' title='bbox 631 3501 782 3578; x_wconf 88' lang='lat' dir='ltr'><strong>morbus</strong></span> <span class='ocrx_word' id='word_1_173' title='bbox 797 3503 999 3580; x_wconf 60' lang='lat' dir='ltr'><strong>waldum</strong></span> <span class='ocrx_word' id='word_1_174' title='bbox 1015 3493 1078 3598; x_wconf 30' lang='lat' dir='ltr'><strong>ab·-¹</strong></span> 
     </span>
     <span class='ocr_line' id='line_1_29' title="bbox 105 3625 894 3730; baseline -0.005 -30"><span class='ocrx_word' id='word_1_175' title='bbox 105 3627 214 3706; x_wconf 77' lang='lat' dir='ltr'><strong>solvit</strong></span> <span class='ocrx_word' id='word_1_176' title='bbox 235 3625 404 3730; x_wconf 65' lang='lat' dir='ltr'><strong>stadium</strong></span> <span class='ocrx_word' id='word_1_177' title='bbox 891 3687 894 3696; x_wconf 86' lang='grc'>,</span> 
     </span>
    </p>

    <p class='ocr_par' dir='ltr' id='par_1_4' title="bbox 184 3741 1077 3856">
     <span class='ocr_line' id='line_1_30' title="bbox 184 3741 1077 3856; baseline -0.012 -32"><span class='ocrx_word' id='word_1_178' title='bbox 184 3744 291 3856; x_wconf 82' lang='lat' dir='ltr'><strong>Nune</strong></span> <span class='ocrx_word' id='word_1_179' title='bbox 307 3771 497 3852; x_wconf 81' lang='lat' dir='ltr'><strong>processus</strong></span> <span class='ocrx_word' id='word_1_180' title='bbox 513 3743 722 3849; x_wconf 78' lang='lat' dir='ltr'><strong>morbosus,</strong></span> <span class='ocrx_word' id='word_1_181' title='bbox 739 3747 803 3848; x_wconf 87' lang='lat' dir='ltr'><strong>qui</strong></span> <span class='ocrx_word' id='word_1_182' title='bbox 821 3758 945 3822; x_wconf 85' lang='lat' dir='ltr'><strong>tamen</strong></span> <span class='ocrx_word' id='word_1_183' title='bbox 961 3741 1077 3844; x_wconf 83' lang='lat' dir='ltr'><strong>magis</strong></span> 
     </span>
    </p>
   </div>
   <div class='ocr_carea' id='block_1_2' title="bbox 0 0 1318 4470">
    <p class='ocr_par' dir='ltr' id='par_1_5' title="bbox 0 0 1318 4470">
     <span class='ocr_line' id='line_1_31' title="bbox 0 0 1318 4470; baseline 0 2"><span class='ocrx_word' id='word_1_184' title='bbox 0 0 1318 4470; x_wconf 95' lang='lat' dir='ltr'><strong> </strong></span> 
     </span>
    </p>
   </div>
  </div>
 </body>
</html>
