2626 4470
979 297 1045 370 103

115 421 229 498 etiam·
244 417 386 492 nostrae
408 414 617 516 peninsulee
638 416 848 517 provinciae
871 416 918 488 ab
944 414 1072 488 eadem

115 553 196 611 sunt
220 561 335 638 paene
359 538 550 609 immunes.
575 535 687 636 Cujus
711 536 764 608 rei
790 559 935 616 causam
961 549 1070 636 atque

117 661 293 733 rationem
318 680 496 758 exponere
528 680 646 756 neque
678 655 807 728 inutile
840 680 959 754 neque
993 657 1071 730 ine·

115 774 218 877 ptum
242 801 376 852 munus
401 775 556 872 videtur,
579 789 707 874 utpote
732 799 806 875 quo
830 775 993 875 perfecto
1019 800 1075 848 re·

113 898 388 996 mediorumque
412 893 474 968 hio
501 894 748 971 adhibitorum
770 901 855 970 o'nm
874 895 946 968 illis
953 949 964 993 7
983 920 1074 995 quae

116 1043 135 1090 e
159 1020 314 1092 coeteris
339 1018 444 1090 terris
469 1029 572 1090 tento
597 1041 682 1089 oum
712 1042 879 1090 successu
903 1016 944 1089 in
969 1041 1076 1088 usum

34 1143 38 1150 '
115 1151 243 1210 rorata
269 1137 377 1210 fuisse
403 1135 623 1233 audivimus,
649 1136 894 1210 demonstrata
912 1136 1077 1211 similitu·

115 1256 219 1355 dine,
244 1258 376 1330 certior
400 1255 521 1330 adhuc
547 1271 585 1330 et
608 1257 728 1331 verior
747 1249 853 1330 nobis
875 1283 956 1358 spes
979 1254 1080 1328 afful-

114 1377 211 1474 gebit
223 1430 234 1474 ,
260 1375 409 1448 laetiore
435 1374 585 1448 demum
609 1389 761 1450 ventura
787 1401 863 1450 esse
889 1390 1077 1476 tempore,

116 1496 247 1595 quibus
273 1496 473 1569 tristissima
504 1494 563 1568 lue
597 1492 840 1570 scandinavia
871 1494 972 1568 haud
1008 1519 1080 1568 em·

114 1615 209 1715 plius
235 1629 429 1717 prematur.
440 1583 652 1714 -Variee,
679 1641 767 1716 quas
793 1614 919 1689 sedulo
936 1640 1080 1715 percur-

115 1737 164 1834 ri,
191 1736 239 1810 de
265 1735 399 1811 boreali
424 1737 558 1811 Russia
583 1737 681 1811 vioin
685 1761 775 1836 eque
796 1737 1002 1825 Fennonia,
1024 1761 1079 1808 ee·

116 1856 203 1930 dem
229 1855 296 1932 sub
328 1854 521 1931 latitudine
554 1858 632 1931 sitis
661 1855 860 1956 eademque
893 1855 1080 1929 utentibus

118 1975 214 2050 coeli
246 1979 442 2076 temperie,
477 2001 548 2076 qua
571 1975 749 2074 Norvegia
781 1991 819 2049 et
844 1976 967 2051 Svecia
980 2031 991 2072 ,
1016 2002 1080 2077 pe-

117 2098 383 2194 regrinatorum
404 2097 664 2196 descriptiones
694 2097 879 2199 leprosum
910 2097 1081 2171 morbum

117 2230 179 2288 aut
207 2216 317 2315 pleno
343 2216 487 2291 silentio
508 2230 756 2316 praetereunt,
773 2231 836 2290 eut
852 2215 986 2290 alicubi
1002 2242 1083 2318 spo-

116 2337 240 2408 radioe
266 2337 437 2410 obortum
461 2335 573 2410 modo
598 2335 728 2413 leviter
750 2336 929 2434 'tangunt3
954 2339 1081 2410 verum

118 2479 247 2530 nonne
281 2456 467 2554 religiosus
499 2483 579 2530 mos
609 2457 750 2556 singulo
776 2455 904 2530 saltem
928 2483 993 2556 per
1026 2482 1082 2531 se-

119 2578 325 2675 ptimenam
350 2576 409 2650 die
428 2577 591 2676 tepidum
606 2569 778 2650 balneum
803 2576 964 2650 intrandi
979 2603 1077 2650 surn-

120 2722 293 2796 memque
332 2707 518 2770 coeterum
553 2698 709 2770 vestium
741 2695 940 2768 adhibendi
970 2720 1078 2770 mun·

119 2815 250 2890 ditiem
276 2820 342 2913 (1),
367 2841 436 2890 neo
469 2843 544 2890 non
569 2815 845 2914 florentissima,
875 2818 916 2888 in
949 2815 1084 2904 ducatu

119 2938 333 3035 praesertim
358 2937 427 3036 (α),
455 2957 622 3036 agrorum
644 2915 931 3036 culturapatque
957 2938 996 3008 in
1021 2935 1082 3008 illa

453 3179 758 3203 Μ

123 3297 165 3356 (ι)
182 3290 213 3342 Ρ.
234 3307 260 3343 v.
280 3291 388 3354 ,Herm
415 3291 624 3360 Esterretninger
650 3310 694 3346 om
721 3292 768 3346 det
793 3292 915 3347 RuerisIe
942 3294 1004 3362 lnge
1027 3305 1078 3350 otc.

184 3377 291 3431 Kbhvn.
313 3379 384 3449 ¹747·
403 3381 427 3433 8.
440 3398 466 3450 p.
480 3382 602 3450 509-510.
613 3379 689 3434 Gonf.
700 3381 725 3434 J.
738 3382 877 3434 Menenius
889 3383 981 3436 Reisen
994 3384 1081 3437 durch

185 3464 239 3516 den
256 3465 363 3518 Norden
381 3486 408 3520 ιι.
430 3467 579 3520 Nordosten
601 3485 626 3521 v.
649 3468 755 3538 Europa
777 3469 806 3520 in
827 3455 862 3521 M.
884 3470 913 3523 C.
936 3471 1081 3529 Seuerum

184 3551 253 3603 Bibl.
271 3552 297 3605 d.
315 3553 555 3623 licisebeeohreib.‚
573 3556 679 3623 fortger.
697 3574 723 3609 r.
740 3556 771 3608 Τ.
790 3557 819 3610 C.
837 3557 969 3614 Ειιιιιιιιιι.
988 3560 1021 3626 42
1032 3559 1080 3610 Bd.

183 3639 302 3692 Weimnr
322 3641 393 3694 1810.
412 3661 437 3712 p.
459 3645 519 3710 1653
540 3653 568 3696 et
589 3645 689 3697 Nenste
711 3643 854 3697 Lindon-u.
875 3644 1079 3701 volkerkunde.

185 3727 246 3793 413.
265 3729 383 3782 Weimar
403 3733 474 3802 1807.
491 3751 518 3803 p.
538 3733 595 3800 433.
919 3715 923 3722 Δ

126 3818 169 3880 (n)
185 3815 299 3870 Neuerte
317 3817 460 3873 Lenda-u.
479 3819 608 3876 thkerk.
626 3819 642 3888 4
660 3817 706 3872 nd.
724 3836 751 3890 p.
770 3819 830 3872 561.
