2628 4476
254 286 301 356 58

228 399 508 502 est3·surnmam
525 424 646 496 πω,
681 423 794 498 quum
830 400 994 499 exigant,
1031 404 1196 502 corporis

228 523 524 618 contentionem,
548 545 851 620 perversumque,
876 547 950 622 quo
965 537 1196 624 peragantur,
1302 505 1303 512 ἵ

230 646 384 724 modum
420 644 453 716 si
491 642 665 714 attentius
698 629 990 744 considemus,
1020 669 1084 721 eos
1119 671 1196 724 non

227 793 351 871 posse,
378 764 469 865 quiu
493 761 639 836 sanitati
666 787 778 836 noxas
804 763 1000 863 inducant,
1015 765 1195 866 intellige-
1302 762 1303 856 f

228 915 320 962 mus.
347 888 421 978 Qui
445 909 528 959 oras
552 883 753 956 maritimas
778 881 959 984 habitant,
991 883 1197 961 incolarum

229 1009 292 1082 alii
317 1034 382 1110 per
399 1019 518 1080 totum
534 1029 672 1076 annum
689 993 909 1104 piscaturam
925 1022 1113 1106 exercent,
1134 1007 1196 1083 alii

229 1157 316 1205 vero
344 1127 529 1201 mensibus
548 1127 693 1199 aestivis
709 1126 916 1225 peregrinas
931 1139 1044 1202 terras
1060 1130 1196 1230 visunt,

229 1263 424 1350 etquum,
449 1246 550 1347 quod
575 1271 629 1318 ex-
644 1245 932 1321 aestivo-'labore
955 1247 1123 1350 redierit,
1142 1251 1195 1325 sa·

228 1369 353 1446 miliae
380 1391 446 1470 per
470 1367 619 1465 longam
652 1365 825 1466 hyemem
854 1365 1005 1442 alendae
1034 1371 1110 1444 vix.
1129 1396 1197 1444 uu·

231 1517 343 1594 quam
367 1488 544 1586 sufficiat,¹
567 1485 729 1587 hyemali
764 1501 927 1588 tempore
958 1488 1111 1590 hamulo
1142 1494 1196 1566 uti
1303 1543 1305 1556 -

230 1621 422 1710 coguntur.
448 1611 629 1708 Paupares
645 1608 768 1709 itaque
784 1610 1004 1710 piscatores,
1022 1625 1081 1710 ut,
1098 1612 1198 1688 unde

231 1736 375 1832 uivant,
401 1731 474 1804 suis
500 1727 674 1832 praebere
700 1731 870 1831 possint,
883 1733 1014 1832 quovis
1034 1733 1109 1822 fere
1127 1734 1198 1835 die,

231 1854 496 1962 qualiscunque
533 1851 581 1924 sit
620 1864 840 1952 tempestas,
869 1865 1011 1951 apertas
1043 1854 1199 1956 scaphas

231 1973 486 2049 conscendunt
509 1997 629 2076 neque
653 1997 735 2045 raro
761 1971 928 2072 pluribus
951 1971 998 2046 ab
1022 1998 1086 2046 ora
1102 1974 1199 2050 miii·

232 2097 318 2169 ariis
331 2094 445 2167 altum
456 2119 556 2167 mare
569 2091 1036 2194 ingrediuntur,interdum
1048 2095 1200 2195 quidem

231 2218 310 2291 sinc
334 2215 468 2316 magno
493 2213 617 2288 labore
624 2268 637 2314 ,
651 2228 763 2289 vento
789 2213 951 2288 secundo
968 2215 1199 2317 utentes,in·
1306 2269 1307 2272 =

231 2339 378 2413 terdum
402 2362 489 2412 vero
515 2361 658 2410 summa
683 2362 769 2410 cum
793 2334 978 2435 molestia,
995 2352 1108 2412 vento
1129 2337 1199 2418 flu·

231 2461 403 2560 minequc
440 2455 602 2536 adversis
635 2454 758 2528 delati.
793 2456 996 2556 Postquam
1027 2482 1116 2532 vero
1149 2459 1201 2536 ad
1306 2503 1307 2550 5

213 2579 374 2678 iocum,
399 2603 510 2679 quam
526 2575 595 2650 sihi
618 2591 901 2676 proposuerant,
916 2597 1200 2679 pervenere-an·

232 2699 363 2773 c'horas
388 2702 545 2798 iaciunt,
571 2697 740 2798 procellis
765 2697 909 2798 perflati
933 2699 1138 2801 pluviisque
1164 2715 1204 2776 et

231 2819 432 2895 exundanti
457 2821 549 2892 mari
573 2817 774 2891 humectati
800 2817 846 2891 ab
877 2811 1031 2920 humido
1066 2821 1200 2924 frigore

230 2969 276 3017 co
303 2935 386 3044 plus
412 2942 616 3042 patiuntur,
641 2927 690 3038 si,
718 2939 852 3040 quihus
883 2938 1074 3016 exiraustas
1104 2945 1200 3018 viras

138 3067 141 3072 ’
231 3061 435 3138 refocillare
459 3055 617 3162 possint,
639 3059 864 3161 desiderent,
882 3075 936 3160 et,
954 3063 986 3134 si
1001 3060 1061 3137 vel
1077 3062 1201 3164 sudor,

111 3243 116 3250 .
230 3171 476 3286 perseveranti
502 3167 660 3282 fortique
687 3182 926 3282 remigatione
951 3177 1113 3282 elicitus,
1140 3209 1200 3259 ne·

230 3319 342 3405 pente
368 3305 633 3407 supprimatur,
661 3289 722 3377 vel
748 3302 969 3402 oblongam
985 3305 1024 3377 iu
1042 3304 1202 3378 ueretri-

233 3425 319 3531 gido
357 3407 539 3499 remoram
576 3425 817 3528 exiguumque
832 3524 837 3528 .
854 3425 1020 3528 corporis
1057 3439 1204 3500 motum

231 3533 388 3638 cutanea
411 3547 627 3648 perspiratio
656 3540 753 3619 iusto
779 3547 926 3646 parcius
957 3547 1137 3648 procedat
1165 3558 1203 3646 ct

233 3667 385 3742 demum
409 3668 554 3770 penitus
592 3665 810 3741 inhibeatur.
848 3667 974 3770 Neque
997 3690 1081 3742 raro
1119 3691 1203 3744 eve·

236 3791 312 3889 nit,
339 3781 551 3893 tempestate
586 3787 762 3862 nimirum
797 3801 834 3862 et
866 3789 1021 3866 torrenti
1049 3786 1202 3890 flumine
