<?xml version="1.0" encoding="UTF-8"?>
<!DOCTYPE html PUBLIC "-//W3C//DTD XHTML 1.0 Transitional//EN"
    "http://www.w3.org/TR/xhtml1/DTD/xhtml1-transitional.dtd">
<html xmlns="http://www.w3.org/1999/xhtml" xml:lang="en" lang="en">
 <head>
  <title>
</title>
<meta http-equiv="Content-Type" content="text/html;charset=utf-8" />
  <meta name='ocr-system' content='tesseract 3.04.00' />
  <meta name='ocr-capabilities' content='ocr_page ocr_carea ocr_par ocr_line ocrx_word'/>
</head>
<body>
  <div class='ocr_page' id='page_1' title='image "./delectusopuscul01frangoog_0140.png"; bbox 0 0 2626 4470; ppageno 0'>
   <div class='ocr_carea' id='block_1_1' title="bbox 131 209 1197 551">
    <p class='ocr_par' dir='ltr' id='par_1_1' title="bbox 131 209 1197 551">
     <span class='ocr_line' id='line_1_1' title="bbox 131 209 1197 430; baseline 0.004 -28"><span class='ocrx_word' id='word_1_1' title='bbox 131 325 468 428; x_wconf 68' lang='lat' dir='ltr'><strong>quomodocunque</strong></span> <span class='ocrx_word' id='word_1_2' title='bbox 493 324 586 400; x_wconf 85' lang='lat' dir='ltr'><strong>hacc</strong></span> <span class='ocrx_word' id='word_1_3' title='bbox 618 328 712 400; x_wconf 87' lang='lat' dir='ltr'><strong>cutis</strong></span> <span class='ocrx_word' id='word_1_4' title='bbox 739 325 947 429; x_wconf 83' lang='lat' dir='ltr'><strong>deturpatio</strong></span> <span class='ocrx_word' id='word_1_5' title='bbox 972 209 1105 430; x_wconf 55' lang='lat' dir='ltr'><strong>prldcba</strong></span> <span class='ocrx_word' id='word_1_6' title='bbox 1191 365 1197 372; x_wconf 91' lang='lat'>·</span> 
     </span>
     <span class='ocr_line' id='line_1_2' title="bbox 131 447 1104 551; baseline 0.006 -29"><span class='ocrx_word' id='word_1_7' title='bbox 131 449 224 548; x_wconf 85' lang='lat' dir='ltr'><strong>dat,</strong></span> <span class='ocrx_word' id='word_1_8' title='bbox 255 447 314 526; x_wconf 80' lang='lat' dir='ltr'><strong>vel</strong></span> <span class='ocrx_word' id='word_1_9' title='bbox 352 447 632 549; x_wconf 77' lang='lat' dir='ltr'><strong>desquamatur,</strong></span> <span class='ocrx_word' id='word_1_10' title='bbox 664 447 724 524; x_wconf 85' lang='lat' dir='ltr'><strong>rel</strong></span> <span class='ocrx_word' id='word_1_11' title='bbox 762 449 830 522; x_wconf 87' lang='lat' dir='ltr'><strong>sub</strong></span> <span class='ocrx_word' id='word_1_12' title='bbox 850 449 1104 551; x_wconf 83' lang='lat' dir='ltr'><strong>&#39;phlyctaena-</strong></span> 
     </span>
    </p>
   </div>
   <div class='ocr_carea' id='block_1_2' title="bbox 12 565 1104 672">
    <p class='ocr_par' dir='ltr' id='par_1_2' title="bbox 12 565 1104 672">
     <span class='ocr_line' id='line_1_3' title="bbox 12 565 1104 672; baseline 0.014 -38"><span class='ocrx_word' id='word_1_13' title='bbox 12 609 28 650; x_wconf 65' lang='lat'><strong>-„</strong></span> <span class='ocrx_word' id='word_1_14' title='bbox 131 595 241 667; x_wconf 89' lang='lat' dir='ltr'><strong>rum,</strong></span> <span class='ocrx_word' id='word_1_15' title='bbox 273 566 332 642; x_wconf 82' lang='lat' dir='ltr'><strong>vel</strong></span> <span class='ocrx_word' id='word_1_16' title='bbox 363 565 589 667; x_wconf 87' lang='lat' dir='ltr'><strong>crisypelatis</strong></span> <span class='ocrx_word' id='word_1_17' title='bbox 626 566 743 642; x_wconf 84' lang='lat' dir='ltr'><strong>forma</strong></span> <span class='ocrx_word' id='word_1_18' title='bbox 776 567 972 669; x_wconf 81' lang='lat' dir='ltr'><strong>adpareat,</strong></span> <span class='ocrx_word' id='word_1_19' title='bbox 1006 577 1104 672; x_wconf 81' lang='lat' dir='ltr'><strong>aegri</strong></span> 
     </span>
    </p>
   </div>
   <div class='ocr_carea' id='block_1_3' title="bbox 25 688 1115 2000">
    <p class='ocr_par' dir='ltr' id='par_1_3' title="bbox 25 688 1107 909">
     <span class='ocr_line' id='line_1_4' title="bbox 125 688 1107 797; baseline 0.004 -33"><span class='ocrx_word' id='word_1_20' title='bbox 125 715 277 789; x_wconf 82' lang='lat' dir='ltr'>semper</span> <span class='ocrx_word' id='word_1_21' title='bbox 287 688 461 770; x_wconf 15' lang='lat' dir='ltr'><strong>*eamdem</strong></span> <span class='ocrx_word' id='word_1_22' title='bbox 477 689 706 762; x_wconf 87' lang='lat' dir='ltr'><strong>internorum</strong></span> <span class='ocrx_word' id='word_1_23' title='bbox 719 703 1009 790; x_wconf 80' lang='lat' dir='ltr'><strong>symptomatum</strong></span> <span class='ocrx_word' id='word_1_24' title='bbox 1021 719 1107 797; x_wconf 79' lang='lat' dir='ltr'><strong>syn-</strong></span> 
     </span>
     <span class='ocr_line' id='line_1_5' title="bbox 25 805 602 909; baseline -0.003 -25"><span class='ocrx_word' id='word_1_25' title='bbox 25 841 30 848; x_wconf 95' lang='lat'><em>·</em></span> <span class='ocrx_word' id='word_1_26' title='bbox 129 805 602 909; x_wconf 84' lang='lat' dir='ltr'><strong>dromen&#39;conqueruntur.</strong></span> 
     </span>
    </p>

    <p class='ocr_par' dir='ltr' id='par_1_4' title="bbox 128 928 1115 2000">
     <span class='ocr_line' id='line_1_6' title="bbox 210 928 1115 1032; baseline 0.006 -25"><span class='ocrx_word' id='word_1_27' title='bbox 210 929 341 1007; x_wconf 87' lang='lat' dir='ltr'><strong>Pulsus</strong></span> <span class='ocrx_word' id='word_1_28' title='bbox 367 944 410 1004; x_wconf 89' lang='lat' dir='ltr'><strong>ut</strong></span> <span class='ocrx_word' id='word_1_29' title='bbox 425 928 635 1029; x_wconf 79' lang='lat' dir='ltr'><strong>plurimum</strong></span> <span class='ocrx_word' id='word_1_30' title='bbox 648 931 751 1031; x_wconf 83' lang='lat' dir='ltr'><strong>parvi</strong></span> <span class='ocrx_word' id='word_1_31' title='bbox 768 945 805 1006; x_wconf 88' lang='lat' dir='ltr'><strong>ct</strong></span> <span class='ocrx_word' id='word_1_32' title='bbox 822 929 976 1032; x_wconf 78' lang='lat' dir='ltr'><strong>debiles,</strong></span> <span class='ocrx_word' id='word_1_33' title='bbox 994 936 1115 1012; x_wconf 78' lang='lat' dir='ltr'><strong>etiam.</strong></span> 
     </span>
     <span class='ocr_line' id='line_1_7' title="bbox 128 1049 1104 1154; baseline 0.006 -28"><span class='ocrx_word' id='word_1_34' title='bbox 128 1054 177 1126; x_wconf 55' lang='lat' dir='ltr'><strong>‘in</strong></span> <span class='ocrx_word' id='word_1_35' title='bbox 203 1052 263 1148; x_wconf 90' lang='lat' dir='ltr'><strong>iis,</strong></span> <span class='ocrx_word' id='word_1_36' title='bbox 289 1052 351 1152; x_wconf 92' lang='lat' dir='ltr'><strong>qui</strong></span> <span class='ocrx_word' id='word_1_37' title='bbox 377 1049 550 1126; x_wconf 88' lang='lat' dir='ltr'><strong>athletico</strong></span> <span class='ocrx_word' id='word_1_38' title='bbox 576 1051 724 1151; x_wconf 86' lang='lat' dir='ltr'><strong>habitu,</strong></span> <span class='ocrx_word' id='word_1_39' title='bbox 750 1067 786 1126; x_wconf 88' lang='lat' dir='ltr'><strong>et</strong></span> <span class='ocrx_word' id='word_1_40' title='bbox 810 1053 1014 1154; x_wconf 88' lang='lat' dir='ltr'><strong>plethorica</strong></span> <span class='ocrx_word' id='word_1_41' title='bbox 1039 1055 1104 1135; x_wconf 84' lang='lat' dir='ltr'><strong>do·</strong></span> 
     </span>
     <span class='ocr_line' id='line_1_8' title="bbox 131 1173 1106 1274; baseline 0.006 -28"><span class='ocrx_word' id='word_1_42' title='bbox 131 1187 272 1246; x_wconf 86' lang='lat' dir='ltr'><strong>nantur</strong></span> <span class='ocrx_word' id='word_1_43' title='bbox 297 1173 488 1272; x_wconf 79' lang='lat' dir='ltr'><strong>temperie,</strong></span> <span class='ocrx_word' id='word_1_44' title='bbox 506 1173 605 1274; x_wconf 81' lang='lat' dir='ltr'><strong>quin</strong></span> <span class='ocrx_word' id='word_1_45' title='bbox 621 1173 697 1248; x_wconf 87' lang='lat' dir='ltr'><strong>imo</strong></span> <span class='ocrx_word' id='word_1_46' title='bbox 714 1173 905 1274; x_wconf 79' lang='lat' dir='ltr'><strong>aliquoties</strong></span> <span class='ocrx_word' id='word_1_47' title='bbox 930 1175 1025 1252; x_wconf 90' lang='lat' dir='ltr'><strong>tardi</strong></span> <span class='ocrx_word' id='word_1_48' title='bbox 1051 1203 1106 1252; x_wconf 90' lang='lat' dir='ltr'><strong>ra-</strong></span> 
     </span>
     <span class='ocr_line' id='line_1_9' title="bbox 131 1290 1108 1399; baseline 0.004 -31"><span class='ocrx_word' id='word_1_49' title='bbox 131 1295 242 1392; x_wconf 79' lang='lat' dir='ltr'><strong>rique</strong></span> <span class='ocrx_word' id='word_1_50' title='bbox 268 1290 488 1393; x_wconf 74' lang='lat' dir='ltr'><strong>tanguntur,</strong></span> <span class='ocrx_word' id='word_1_51' title='bbox 513 1291 601 1368; x_wconf 90' lang='lat' dir='ltr'><strong>hino</strong></span> <span class='ocrx_word' id='word_1_52' title='bbox 626 1294 714 1367; x_wconf 89' lang='lat' dir='ltr'><strong>inde</strong></span> <span class='ocrx_word' id='word_1_53' title='bbox 745 1297 888 1370; x_wconf 90' lang='lat' dir='ltr'><strong>aurium</strong></span> <span class='ocrx_word' id='word_1_54' title='bbox 912 1321 1080 1374; x_wconf 87' lang='lat' dir='ltr'><strong>susurrus</strong></span> <span class='ocrx_word' id='word_1_55' title='bbox 1093 1355 1108 1399; x_wconf 88' lang='lat'><strong>,</strong></span> 
     </span>
     <span class='ocr_line' id='line_1_10' title="bbox 131 1413 910 1516; baseline -0.003 -24"><span class='ocrx_word' id='word_1_56' title='bbox 131 1415 303 1514; x_wconf 76' lang='lat' dir='ltr'><strong>vertige,</strong></span> <span class='ocrx_word' id='word_1_57' title='bbox 325 1413 509 1514; x_wconf 85' lang='lat' dir='ltr'><strong>raucedo,</strong></span> <span class='ocrx_word' id='word_1_58' title='bbox 535 1439 668 1516; x_wconf 74' lang='lat' dir='ltr'><strong>coryza</strong></span> <span class='ocrx_word' id='word_1_59' title='bbox 690 1413 910 1492; x_wconf 84' lang='lat' dir='ltr'><strong>accedunt..</strong></span> 
     </span>
     <span class='ocr_line' id='line_1_11' title="bbox 145 1535 1107 1636; baseline 0.004 -28"><span class='ocrx_word' id='word_1_60' title='bbox 145 1614 157 1623; x_wconf 56' lang='grc'><em>,</em></span> <span class='ocrx_word' id='word_1_61' title='bbox 212 1535 257 1608; x_wconf 93' lang='lat' dir='ltr'><strong>In</strong></span> <span class='ocrx_word' id='word_1_62' title='bbox 289 1535 435 1612; x_wconf 79' lang='lat' dir='ltr'><strong>reminis</strong></span> <span class='ocrx_word' id='word_1_63' title='bbox 467 1562 609 1611; x_wconf 89' lang='lat' dir='ltr'><strong>menses</strong></span> <span class='ocrx_word' id='word_1_64' title='bbox 647 1537 862 1636; x_wconf 88' lang='lat' dir='ltr'><strong>turbantur,</strong></span> <span class='ocrx_word' id='word_1_65' title='bbox 901 1563 978 1612; x_wconf 90' lang='lat' dir='ltr'><strong>non</strong></span> <span class='ocrx_word' id='word_1_66' title='bbox 1011 1563 1107 1634; x_wconf 71' lang='lat' dir='ltr'><strong>nun-</strong></span> 
     </span>
     <span class='ocr_line' id='line_1_12' title="bbox 130 1657 1106 1757; baseline 0.005 -29"><span class='ocrx_word' id='word_1_67' title='bbox 130 1681 248 1757; x_wconf 88' lang='lat' dir='ltr'><strong>quam</strong></span> <span class='ocrx_word' id='word_1_68' title='bbox 274 1658 494 1757; x_wconf 82' lang='lat' dir='ltr'><strong>copiosiores</strong></span> <span class='ocrx_word' id='word_1_69' title='bbox 519 1657 681 1734; x_wconf 86' lang='lat' dir='ltr'><strong>evadunt</strong></span> <span class='ocrx_word' id='word_1_70' title='bbox 697 1657 809 1757; x_wconf 87' lang='lat' dir='ltr'><strong>adeo,</strong></span> <span class='ocrx_word' id='word_1_71' title='bbox 834 1672 876 1732; x_wconf 92' lang='lat' dir='ltr'><strong>ut</strong></span> <span class='ocrx_word' id='word_1_72' title='bbox 899 1657 1008 1732; x_wconf 78' lang='lat' dir='ltr'><strong>&#39;facilc</strong></span> <span class='ocrx_word' id='word_1_73' title='bbox 1033 1683 1106 1733; x_wconf 77' lang='lat' dir='ltr'><strong>me-</strong></span> 
     </span>
     <span class='ocr_line' id='line_1_13' title="bbox 131 1775 1105 1876; baseline 0.004 -26"><span class='ocrx_word' id='word_1_74' title='bbox 131 1775 377 1876; x_wconf 88' lang='lat' dir='ltr'><strong>trorrhagiam</strong></span> <span class='ocrx_word' id='word_1_75' title='bbox 403 1777 564 1876; x_wconf 75' lang='lat' dir='ltr'><strong>diceres,</strong></span> <span class='ocrx_word' id='word_1_76' title='bbox 598 1792 635 1854; x_wconf 90' lang='lat' dir='ltr'><strong>ct</strong></span> <span class='ocrx_word' id='word_1_77' title='bbox 663 1793 751 1852; x_wconf 91' lang='lat' dir='ltr'><strong>tunc</strong></span> <span class='ocrx_word' id='word_1_78' title='bbox 772 1779 927 1854; x_wconf 84' lang='lat' dir='ltr'><strong>morbus</strong></span> <span class='ocrx_word' id='word_1_79' title='bbox 953 1777 1105 1854; x_wconf 84' lang='lat' dir='ltr'><strong>celerius</strong></span> 
     </span>
     <span class='ocr_line' id='line_1_14' title="bbox 130 1897 1110 2000; baseline 0.002 -28"><span class='ocrx_word' id='word_1_80' title='bbox 130 1897 307 1978; x_wconf 88' lang='lat' dir='ltr'><strong>decurrit.</strong></span> <span class='ocrx_word' id='word_1_81' title='bbox 334 1899 448 1998; x_wconf 88' lang='lat' dir='ltr'><strong>Saepe</strong></span> <span class='ocrx_word' id='word_1_82' title='bbox 472 1924 561 1976; x_wconf 75' lang='lat' dir='ltr'><strong>vcro</strong></span> <span class='ocrx_word' id='word_1_83' title='bbox 578 1901 778 2000; x_wconf 83' lang='lat' dir='ltr'><strong>parciores,</strong></span> <span class='ocrx_word' id='word_1_84' title='bbox 805 1914 869 1974; x_wconf 89' lang='lat' dir='ltr'><strong>aut</strong></span> <span class='ocrx_word' id='word_1_85' title='bbox 894 1925 938 1974; x_wconf 83' lang='lat' dir='ltr'><strong>cx</strong></span> <span class='ocrx_word' id='word_1_86' title='bbox 962 1901 1110 1998; x_wconf 87' lang='lat' dir='ltr'><strong>integro</strong></span> 
     </span>
    </p>
   </div>
   <div class='ocr_carea' id='block_1_4' title="bbox 132 2019 1223 2121">
    <p class='ocr_par' dir='ltr' id='par_1_5' title="bbox 132 2019 1223 2121">
     <span class='ocr_line' id='line_1_15' title="bbox 132 2019 1223 2121; baseline 0 -27"><span class='ocrx_word' id='word_1_87' title='bbox 132 2034 291 2094; x_wconf 87' lang='lat' dir='ltr'><strong>cessant</strong></span> <span class='ocrx_word' id='word_1_88' title='bbox 317 2021 362 2094; x_wconf 94' lang='lat' dir='ltr'><strong>ln</strong></span> <span class='ocrx_word' id='word_1_89' title='bbox 386 2019 580 2121; x_wconf 81' lang='lat' dir='ltr'><strong>juvenibus</strong></span> <span class='ocrx_word' id='word_1_90' title='bbox 611 2019 909 2120; x_wconf 80' lang='lat' dir='ltr'><strong>haemorrhagiae</strong></span> <span class='ocrx_word' id='word_1_91' title='bbox 938 2033 1025 2096; x_wconf 88' lang='lat' dir='ltr'><strong>sunt</strong></span> <span class='ocrx_word' id='word_1_92' title='bbox 1049 2045 1107 2096; x_wconf 78' lang='lat' dir='ltr'><strong>ra·</strong></span> <span class='ocrx_word' id='word_1_93' title='bbox 1222 2027 1223 2034; x_wconf 77' lang='grc'>’</span> 
     </span>
    </p>
   </div>
   <div class='ocr_carea' id='block_1_5' title="bbox 129 2139 1179 3692">
    <p class='ocr_par' dir='ltr' id='par_1_6' title="bbox 129 2139 1179 2968">
     <span class='ocr_line' id='line_1_16' title="bbox 133 2139 1106 2242; baseline 0.006 -28"><span class='ocrx_word' id='word_1_94' title='bbox 133 2165 222 2237; x_wconf 83' lang='lat' dir='ltr'><strong>rac,</strong></span> <span class='ocrx_word' id='word_1_95' title='bbox 247 2139 438 2216; x_wconf 82' lang='lat' dir='ltr'><strong>diarrhoea</strong></span> <span class='ocrx_word' id='word_1_96' title='bbox 473 2142 679 2242; x_wconf 86' lang='lat' dir='ltr'><strong>saepissime</strong></span> <span class='ocrx_word' id='word_1_97' title='bbox 703 2143 864 2216; x_wconf 84' lang='lat' dir='ltr'><strong>occurrit</strong></span> <span class='ocrx_word' id='word_1_98' title='bbox 888 2140 1040 2216; x_wconf 86' lang='lat' dir='ltr'><strong>diversis</strong></span> <span class='ocrx_word' id='word_1_99' title='bbox 1066 2143 1106 2220; x_wconf 86' lang='lat' dir='ltr'><strong>in</strong></span> 
     </span>
     <span class='ocr_line' id='line_1_17' title="bbox 129 2261 1125 2364; baseline 0.006 -29"><span class='ocrx_word' id='word_1_100' title='bbox 129 2261 284 2359; x_wconf 77' lang='lat' dir='ltr'><strong>stadiis,</strong></span> <span class='ocrx_word' id='word_1_101' title='bbox 310 2287 402 2362; x_wconf 86' lang='lat' dir='ltr'><strong>quae</strong></span> <span class='ocrx_word' id='word_1_102' title='bbox 428 2275 636 2362; x_wconf 88' lang='lat' dir='ltr'><strong>saepe-tam</strong></span> <span class='ocrx_word' id='word_1_103' title='bbox 660 2263 848 2364; x_wconf 81' lang='lat' dir='ltr'><strong>pertinax,</strong></span> <span class='ocrx_word' id='word_1_104' title='bbox 874 2275 911 2334; x_wconf 89' lang='lat' dir='ltr'><strong>et</strong></span> <span class='ocrx_word' id='word_1_105' title='bbox 936 2261 1125 2342; x_wconf 77' lang='lat' dir='ltr'><strong>effrocnis.</strong></span> 
     </span>
     <span class='ocr_line' id='line_1_18' title="bbox 131 2379 1179 2484; baseline 0.002 -29"><span class='ocrx_word' id='word_1_106' title='bbox 131 2379 276 2481; x_wconf 84' lang='lat' dir='ltr'><strong>evadit,</strong></span> <span class='ocrx_word' id='word_1_107' title='bbox 303 2395 346 2456; x_wconf 89' lang='lat' dir='ltr'><strong>nt</strong></span> <span class='ocrx_word' id='word_1_108' title='bbox 368 2383 544 2481; x_wconf 88' lang='lat' dir='ltr'><strong>maciem,</strong></span> <span class='ocrx_word' id='word_1_109' title='bbox 561 2382 786 2484; x_wconf 81' lang='lat' dir='ltr'><strong>hydropem,</strong></span> <span class='ocrx_word' id='word_1_110' title='bbox 801 2384 996 2484; x_wconf 82' lang='lat' dir='ltr'><strong>ipsamque·</strong></span> <span class='ocrx_word' id='word_1_111' title='bbox 1010 2400 1108 2457; x_wconf 84' lang='lat' dir='ltr'><strong>mor-</strong></span> <span class='ocrx_word' id='word_1_112' title='bbox 1173 2383 1179 2390; x_wconf 84' lang='grc'><strong>’</strong></span> 
     </span>
     <span class='ocr_line' id='line_1_19' title="bbox 133 2501 1106 2605; baseline 0.002 -29"><span class='ocrx_word' id='word_1_113' title='bbox 133 2517 213 2576; x_wconf 78' lang='lat' dir='ltr'><strong>tem</strong></span> <span class='ocrx_word' id='word_1_114' title='bbox 237 2501 398 2578; x_wconf 89' lang='lat' dir='ltr'><strong>inducat.</strong></span> <span class='ocrx_word' id='word_1_115' title='bbox 424 2501 551 2578; x_wconf 86' lang='lat' dir='ltr'><strong>Febris</strong></span> <span class='ocrx_word' id='word_1_116' title='bbox 576 2505 713 2605; x_wconf 86' lang='lat' dir='ltr'><strong>pariter</strong></span> <span class='ocrx_word' id='word_1_117' title='bbox 737 2503 889 2580; x_wconf 85' lang='lat' dir='ltr'><strong>diversis</strong></span> <span class='ocrx_word' id='word_1_118' title='bbox 914 2505 954 2576; x_wconf 92' lang='lat' dir='ltr'><strong>in</strong></span> <span class='ocrx_word' id='word_1_119' title='bbox 979 2503 1106 2578; x_wconf 80' lang='lat' dir='ltr'><strong>stadiis</strong></span> 
     </span>
     <span class='ocr_line' id='line_1_20' title="bbox 135 2599 1161 2730; baseline -0.002 -32"><span class='ocrx_word' id='word_1_120' title='bbox 135 2623 260 2722; x_wconf 84' lang='lat' dir='ltr'><strong>lenta,</strong></span> <span class='ocrx_word' id='word_1_121' title='bbox 286 2638 349 2698; x_wconf 89' lang='lat' dir='ltr'><strong>aut</strong></span> <span class='ocrx_word' id='word_1_122' title='bbox 377 2625 624 2700; x_wconf 83' lang='lat' dir='ltr'><strong>intermittens</strong></span> <span class='ocrx_word' id='word_1_123' title='bbox 655 2599 865 2725; x_wconf 72' lang='lat' dir='ltr'><strong>supervenit</strong></span> <span class='ocrx_word' id='word_1_124' title='bbox 896 2647 974 2698; x_wconf 85' lang='lat' dir='ltr'><strong>non</strong></span> <span class='ocrx_word' id='word_1_125' title='bbox 1007 2649 1104 2730; x_wconf 79' lang='lat' dir='ltr'><strong>nun·</strong></span> <span class='ocrx_word' id='word_1_126' title='bbox 1129 2653 1161 2674; x_wconf 39' lang='lat' dir='ltr'><strong>·s</strong></span> 
     </span>
     <span class='ocr_line' id='line_1_21' title="bbox 134 2745 1103 2848; baseline 0 -30"><span class='ocrx_word' id='word_1_127' title='bbox 134 2769 247 2848; x_wconf 85' lang='lat' dir='ltr'><strong>quam</strong></span> <span class='ocrx_word' id='word_1_128' title='bbox 260 2801 271 2844; x_wconf 91' lang='lat'><strong>,</strong></span> <span class='ocrx_word' id='word_1_129' title='bbox 297 2769 389 2846; x_wconf 86' lang='lat' dir='ltr'><strong>quae</strong></span> <span class='ocrx_word' id='word_1_130' title='bbox 414 2761 523 2847; x_wconf 83' lang='lat' dir='ltr'><strong>saepe</strong></span> <span class='ocrx_word' id='word_1_131' title='bbox 549 2759 624 2820; x_wconf 88' lang='lat' dir='ltr'><strong>tam</strong></span> <span class='ocrx_word' id='word_1_132' title='bbox 649 2745 831 2822; x_wconf 84' lang='lat' dir='ltr'><strong>obstinata</strong></span> <span class='ocrx_word' id='word_1_133' title='bbox 863 2757 942 2841; x_wconf 86' lang='lat' dir='ltr'><strong>est,</strong></span> <span class='ocrx_word' id='word_1_134' title='bbox 966 2755 1009 2817; x_wconf 87' lang='lat' dir='ltr'><strong>ut</strong></span> <span class='ocrx_word' id='word_1_135' title='bbox 1033 2767 1103 2818; x_wconf 88' lang='lat' dir='ltr'><strong>nec</strong></span> 
     </span>
     <span class='ocr_line' id='line_1_22' title="bbox 135 2865 1091 2968; baseline 0.003 -28"><span class='ocrx_word' id='word_1_136' title='bbox 135 2865 279 2940; x_wconf 87' lang='lat' dir='ltr'><strong>Chinae</strong></span> <span class='ocrx_word' id='word_1_137' title='bbox 305 2866 455 2968; x_wconf 83' lang='lat' dir='ltr'><strong>quidem</strong></span> <span class='ocrx_word' id='word_1_138' title='bbox 480 2869 563 2940; x_wconf 88' lang='lat' dir='ltr'><strong>usui</strong></span> <span class='ocrx_word' id='word_1_139' title='bbox 587 2865 704 2942; x_wconf 87' lang='lat' dir='ltr'><strong>cedat.</strong></span> <span class='ocrx_word' id='word_1_140' title='bbox 1002 2949 1003 2954; x_wconf 43' lang='lat'><strong>,</strong></span> <span class='ocrx_word' id='word_1_141' title='bbox 1084 2952 1091 2959; x_wconf 50' lang='grc'><strong>,</strong></span> 
     </span>
    </p>

    <p class='ocr_par' dir='ltr' id='par_1_7' title="bbox 132 2983 1154 3692">
     <span class='ocr_line' id='line_1_23' title="bbox 211 2983 1103 3080; baseline -0.003 -20"><span class='ocrx_word' id='word_1_142' title='bbox 211 2985 318 3061; x_wconf 88' lang='lat' dir='ltr'><strong>Nunc</strong></span> <span class='ocrx_word' id='word_1_143' title='bbox 344 2987 392 3062; x_wconf 90' lang='lat' dir='ltr'><strong>ad</strong></span> <span class='ocrx_word' id='word_1_144' title='bbox 417 2989 516 3062; x_wconf 85' lang='lat' dir='ltr'><strong>cutis</strong></span> <span class='ocrx_word' id='word_1_145' title='bbox 542 2987 788 3064; x_wconf 81' lang='lat' dir='ltr'><strong>adfectionem</strong></span> <span class='ocrx_word' id='word_1_146' title='bbox 818 2987 952 3060; x_wconf 90' lang='lat' dir='ltr'><strong>iterum</strong></span> <span class='ocrx_word' id='word_1_147' title='bbox 977 2983 1103 3080; x_wconf 77' lang='lat' dir='ltr'><strong>redea-</strong></span> 
     </span>
     <span class='ocr_line' id='line_1_24' title="bbox 136 3103 1104 3209; baseline 0 -27"><span class='ocrx_word' id='word_1_148' title='bbox 136 3133 230 3185; x_wconf 86' lang='lat' dir='ltr'><strong>mus.</strong></span> <span class='ocrx_word' id='word_1_149' title='bbox 256 3109 310 3182; x_wconf 88' lang='lat' dir='ltr'><strong>Nc</strong></span> <span class='ocrx_word' id='word_1_150' title='bbox 334 3133 422 3183; x_wconf 84' lang='lat' dir='ltr'><strong>vero</strong></span> <span class='ocrx_word' id='word_1_151' title='bbox 449 3108 590 3209; x_wconf 85' lang='lat' dir='ltr'><strong>credas,</strong></span> <span class='ocrx_word' id='word_1_152' title='bbox 618 3109 710 3188; x_wconf 86' lang='lat' dir='ltr'><strong>haec</strong></span> <span class='ocrx_word' id='word_1_153' title='bbox 730 3121 873 3182; x_wconf 85' lang='lat' dir='ltr'><strong>tanturn</strong></span> <span class='ocrx_word' id='word_1_154' title='bbox 889 3105 937 3180; x_wconf 90' lang='lat' dir='ltr'><strong>ad</strong></span> <span class='ocrx_word' id='word_1_155' title='bbox 954 3103 1104 3182; x_wconf 81' lang='lat' dir='ltr'><strong>dorsum</strong></span> 
     </span>
     <span class='ocr_line' id='line_1_25' title="bbox 134 3227 1102 3332; baseline -0.005 -28"><span class='ocrx_word' id='word_1_156' title='bbox 134 3253 313 3304; x_wconf 83' lang='lat' dir='ltr'><strong>manuum</strong></span> <span class='ocrx_word' id='word_1_157' title='bbox 336 3229 516 3330; x_wconf 75' lang='lat' dir='ltr'><strong>hmitari„</strong></span> <span class='ocrx_word' id='word_1_158' title='bbox 538 3256 652 3332; x_wconf 77' lang='lat' dir='ltr'><strong>qutun</strong></span> <span class='ocrx_word' id='word_1_159' title='bbox 684 3243 722 3304; x_wconf 78' lang='lat' dir='ltr'><strong>et</strong></span> <span class='ocrx_word' id='word_1_160' title='bbox 753 3227 845 3306; x_wconf 85' lang='lat' dir='ltr'><strong>aliae</strong></span> <span class='ocrx_word' id='word_1_161' title='bbox 869 3227 993 3329; x_wconf 86' lang='lat' dir='ltr'><strong>plures</strong></span> <span class='ocrx_word' id='word_1_162' title='bbox 1019 3251 1102 3300; x_wconf 80' lang='lat' dir='ltr'><strong>cor-</strong></span> 
     </span>
     <span class='ocr_line' id='line_1_26' title="bbox 134 3339 1154 3450; baseline -0.006 -26"><span class='ocrx_word' id='word_1_163' title='bbox 134 3351 379 3450; x_wconf 85' lang='lat' dir='ltr'><strong>poris-partes</strong></span> <span class='ocrx_word' id='word_1_164' title='bbox 398 3345 535 3426; x_wconf 86' lang='lat' dir='ltr'><strong>¹eodem</strong></span> <span class='ocrx_word' id='word_1_165' title='bbox 559 3352 648 3430; x_wconf 88' lang='lat' dir='ltr'><strong>vitio</strong></span> <span class='ocrx_word' id='word_1_166' title='bbox 675 3349 782 3424; x_wconf 84' lang='lat' dir='ltr'><strong>adfici</strong></span> <span class='ocrx_word' id='word_1_167' title='bbox 807 3349 968 3449; x_wconf 80' lang='lat' dir='ltr'><strong>possint,</strong></span> <span class='ocrx_word' id='word_1_168' title='bbox 992 3345 1115 3425; x_wconf 82' lang='lat' dir='ltr'><strong>dum-·</strong></span> <span class='ocrx_word' id='word_1_169' title='bbox 1146 3339 1154 3356; x_wconf 89' lang='lat'><em>&#39;</em></span> 
     </span>
     <span class='ocr_line' id='line_1_27' title="bbox 132 3469 1102 3574; baseline -0.009 -26"><span class='ocrx_word' id='word_1_170' title='bbox 132 3470 248 3548; x_wconf 85' lang='lat' dir='ltr'><strong>modo</strong></span> <span class='ocrx_word' id='word_1_171' title='bbox 282 3471 440 3546; x_wconf 86' lang='lat' dir='ltr'><strong>nudatae</strong></span> <span class='ocrx_word' id='word_1_172' title='bbox 471 3473 564 3569; x_wconf 69' lang='lat' dir='ltr'><strong>a&#39;c‘ri,</strong></span> <span class='ocrx_word' id='word_1_173' title='bbox 590 3470 747 3574; x_wconf 83' lang='lat' dir='ltr'><strong>solisque</strong></span> <span class='ocrx_word' id='word_1_174' title='bbox 779 3469 892 3544; x_wconf 87' lang='lat' dir='ltr'><strong>radiis</strong></span> <span class='ocrx_word' id='word_1_175' title='bbox 915 3489 1102 3569; x_wconf 78' lang='lat' dir='ltr'><strong>exponan-</strong></span> 
     </span>
     <span class='ocr_line' id='line_1_28' title="bbox 134 3587 1104 3692; baseline -0.007 -24"><span class='ocrx_word' id='word_1_176' title='bbox 134 3607 205 3668; x_wconf 78' lang='lat' dir='ltr'><strong>tur.</strong></span> <span class='ocrx_word' id='word_1_177' title='bbox 222 3592 329 3666; x_wconf 39' lang='lat' dir='ltr'><strong>*Hinc</strong></span> <span class='ocrx_word' id='word_1_178' title='bbox 351 3617 463 3692; x_wconf 90' lang='lat' dir='ltr'><strong>saepe·</strong></span> <span class='ocrx_word' id='word_1_179' title='bbox 483 3592 632 3690; x_wconf 85' lang='lat' dir='ltr'><strong>accidit,</strong></span> <span class='ocrx_word' id='word_1_180' title='bbox 652 3605 693 3666; x_wconf 89' lang='lat' dir='ltr'><strong>ut</strong></span> <span class='ocrx_word' id='word_1_181' title='bbox 718 3589 902 3690; x_wconf 85' lang='lat' dir='ltr'><strong>agricolis,</strong></span> <span class='ocrx_word' id='word_1_182' title='bbox 930 3590 993 3690; x_wconf 86' lang='lat' dir='ltr'><strong>qui</strong></span> <span class='ocrx_word' id='word_1_183' title='bbox 1013 3587 1104 3661; x_wconf 83' lang='lat' dir='ltr'><strong>dum</strong></span> 
     </span>
    </p>
   </div>
   <div class='ocr_carea' id='block_1_6' title="bbox 132 3705 1102 3844">
    <p class='ocr_par' dir='ltr' id='par_1_8' title="bbox 132 3705 1102 3844">
     <span class='ocr_line' id='line_1_29' title="bbox 132 3705 1102 3844; baseline -0.004 -56"><span class='ocrx_word' id='word_1_184' title='bbox 132 3713 339 3818; x_wconf 76' lang='lat' dir='ltr'><strong>agrestibus</strong></span> <span class='ocrx_word' id='word_1_185' title='bbox 363 3712 583 3795; x_wconf 78' lang='lat' dir='ltr'><strong>incumbunt</strong></span> <span class='ocrx_word' id='word_1_186' title='bbox 602 3711 807 3826; x_wconf 82' lang='lat' dir='ltr'><strong>laboribus,</strong></span> <span class='ocrx_word' id='word_1_187' title='bbox 828 3710 949 3844; x_wconf 76' lang='lat' dir='ltr'><strong>soluto</strong></span> <span class='ocrx_word' id='word_1_188' title='bbox 966 3705 1102 3788; x_wconf 78' lang='lat' dir='ltr'><strong>indusii</strong></span> 
     </span>
    </p>
   </div>
   <div class='ocr_carea' id='block_1_7' title="bbox 0 0 1320 4470">
    <p class='ocr_par' dir='ltr' id='par_1_9' title="bbox 0 0 1320 4470">
     <span class='ocr_line' id='line_1_30' title="bbox 0 0 1320 4470; baseline 0 0"><span class='ocrx_word' id='word_1_189' title='bbox 0 0 1320 4470; x_wconf 95' lang='lat' dir='ltr'><strong> </strong></span> 
     </span>
    </p>
   </div>
  </div>
 </body>
</html>
