2626 4470
845 203 847 208 '
952 183 1022 259 105

100 314 137 385 in
158 310 274 386 vicina
293 304 499 414 &neuneu
516 315 727 402 caeteraque
744 303 879 395 Denta,
895 318 931 377 et
949 287 1053 402 agro-

100 456 174 504 rum
187 429 371 502 ¹culturum
389 426 436 500 ob
453 425 579 498 densas
596 422 717 524 sylvas
735 423 936 522 neglectam
954 451 1054 498 sum-

100 575 157 624 mo
192 555 268 650 jure
300 549 533 652 suppleamur.
565 545 685 618 Pisces
719 545 849 618 eodem
886 559 1069 646 tempore·

101 669 240 742 &auiae
264 670 471 767 Daniaeque
495 665 603 739 litora
627 663 815 764 reliquisse
831 690 982 766 eamque
1000 666 1049 740 ob

101 813 237 866 causam
260 787 399 862 incolas
415 786 463 860 ad
487 785 595 857 aliam
613 786 708 860 vitae
724 785 979 860 sustentandae
997 815 1069 861 rar

80 907 229 989 utionem
256 921 402 981 coactos
426 906 534 980 fuisse
541 959 552 1002 ‚
574 903 673 977 haud
694 919 835 978 temere·
845 931 1050 1008 censemus5

99 1028 320 1125 nosocomia,
344 1027 494 1126 leprosis
518 1024 728 1102 hominibus
748 1025 884 1125 dicata,
909 1042 1056 1102 mature·

101 1161 271 1220 exstructa
295 1148 528 1246 institutaque
554 1146 680 1243 luisse,
706 1171 749 1218 ex
770 1149 927 1248 antiquis
944 1162 1070 1222 testa-a

82 1269 224 1362 ‚mentis
248 1280 368 1368 patet;
393 1279 430 1338 et
453 1264 652 1353 monaohos
679 1291 885 1364 aegrorum,
910 1282 985 1340 tem
1010 1272 1054 1342 iu

99 1388 326 1484 nosocomiis,
355 1411 465 1486 quam
486 1399 585 1458 extra
609 1409 651 1456 ea
674 1383 901 1483 degentium,
926 1413 1049 1460 curam

100 1505 280 1605 habuisse,
306 1508 390 1578 satis
413 1504 600 1605 probabile
625 1515 689 1576 est.
717 1505 833 1603 Atque
871 1505 1056 1598 hodierno

99 1640 256 1727 tempore
283 1627 449 1700 Scauiam
472 1651 548 1699 esse
570 1625 715 1700 sveciae
733 1623 903 1698 horreum
919 1627 1056 1700 merito

98 1745 344 1844 judicandam,
370 1749 533 1818 omnium
558 1751 633 1846 ejus
659 1746 927 1844 provinciarum
949 1747 1056 1820 *villis

99 1880 131 1937 et
149 1864 304 1965 praediis
326 1865 538 1938 ditissimam
559 1890 675 1964 neque
697 1864 899 1940 incolarum
920 1866 1058 1966 opibus·

99 1985 198 2058 facile
224 1984 290 2057 ulli
316 1984 465 2083 cedere,
500 2009 609 2084 equas
642 1985 760 2060 eidem
789 2011 866 2060 esse
890 1985 1055 2060 saluber·

99 2107 223 2195 rimas,
252 2107 388 2180 aestivo
412 2091 622 2205 praesertiru
655 2118 819 2206 tempore
846 2108 1057 2209 frequenta-·
1150 2117 1154 2126 '

100 2239 171 2324 tas,
202 2251 272 2299 nec
298 2249 374 2298 non
398 2223 506 2296 urbes
530 2223 685 2324 publicis
711 2225 848 2300 balneis
879 2228 1050 2328 gaudere,

98 2371 223 2419 omues
246 2348 388 2420 seimus
414 2344 525 2418 Hisce·
547 2369 633 2430 rero
651 2345 696 2416 ab
713 2346 790 2445 ipsa
811 2362 938 2420 natura
957 2375 1057 2422 sunu·
1099 2400 1118 2412 f

96 2470 235 2568 misque
257 2491 378 2539 rerum
402 2445 702 2563 gubernatoribus
736 2464 830 2540 bene
863 2494 1058 2568 prospere·⁴

98 2587 164 2686 que
186 2587 382 2683 institutis,
409 2609 485 2658 non
510 2587 702 2685 miramur,
726 2585 820 2660 hano
839 2588 1050 2688 peninsulae

99 2721 240 2780 nostrae
266 2718 408 2804 partem
432 2729 507 2778 esse
526 2702 667 2776 dudum
682 2729 702 2776 a
719 2705 827 2778 foedo
845 2705 974 2779 morbo
991 2729 1058 2806 pem

98 2827 192 2902 uitus
217 2824 417 2897 liberatam.
443 2823 672 2923 Quapropter
695 2825 737 2896 iu
757 2825 845 2896 actis
867 2826 1057 2898 societatis

98 2945 322 3018 medicorum
354 2943 536 3017 Sveeauae
567 2940 712 3016 nullum·
738 2945 901 3018 invenies
931 2943 1058 3043 leprae

100 3063 251 3136 relatum
276 3087 299 3134 a
321 3058 468 3136 medico
490 3062 661 3135 Scaneusi
692 3061 908 3136 exhibitum.
933 3061 1060 3162 Atque·

98 3182 187 3281 ipse,
211 3205 419 3282 praegressa
431 3194 563 3256 aestate
575 3181 749 3256 Scauiam
763 3184 926 3281 visitans,
943 3207 963 3253 a
979 3205 1062 3268 meff·
1108 3209 1111 3214 ·

99 3301 187 3375 dicis
212 3300 336 3376 audiui
345 3357 355 3400 7
371 3302 509 3401 lepram
525 3327 601 3376 osse
615 3303 667 3380 ibi
682 3329 796 3404 paene
811 3303 1061 3401 incognitam„
1156 3337 1161 3344 ·

99 3435 156 3519 et,
181 3423 244 3521 qui
269 3420 398 3495 eadem
420 3424 537 3497 vexati
562 3423 655 3521 ipsis
674 3423 766 3496 forte
793 3423 1034 3497 occurrissent
1040 3478 1059 3519 ‚.

98 3565 157 3615 eos
181 3566 361 3643 pauperes¹
380 3540 488 3614 fuisse
500 3597 514 3641 7
544 3541 622 3615 aliis
650 3543 691 3616 in
717 3543 863 3618 Sveciae
896 3542 1059 3642 regioni-

100 3658 183 3763 bus,
208 3663 341 3737 morbo.
369 3661 549 3761 gignendo
583 3661 783 3765 alendoque
819 3661 1059 3756 faventibus„

214 3799 470 3863 'tumst—vol.
487 3801 528 3856 11.
819 3790 823 3800 ’
896 3802 935 3854 tr·
