2626 4470
997 285 1048 360 99

116 375 264 450 historia
288 389 412 476 patere
438 372 667 448 doctissimus
691 373 813 448 Biora
837 379 988 450 testatur
1007 385 1072 478 (1),

114 495 312 572 monachos
336 498 422 568 satis
446 508 586 590 mature
615 495 831 576 miserorum
855 521 980 574 curam
1006 497 1073 574 ha,-

114 615 254 714 buisse‚
280 615 474 694 herbarum
507 629 565 712 et,
591 613 875 714 quafpolleant,
910 617 1073 690 medicae

113 735 276 810 utilitatis
301 735 372 810 sibi
396 736 565 810 notitiam
582 759 827 833 comparasse,
840 749 961 834 ¹atquc
986 737 1075 836 Hip-

113 871 323 957 pocratcm‚
347 855 546 940 ¹Galenum
585 853 745 955 aliosque
787 857 874 928 artis
912 856 1075 930 medicae

109 980 306 1077 scriptores
322 974 681 1076 interpretationibus
697 973 768 1048 sibi
786 975 980 1051 familiares
997 977 1074 1050 red-

113 1097 246 1170 didisse
273 1102 331 1190 (2).
354 1096 534 1172 Medicina
551 1097 694 1198 itaque,
711 1096 853 1170 etiamsi
869 1123 911 1170 ea
928 1097 1076 1197 quidem

113 1232 229 1296 aetate
254 1220 294 1290 in
317 1217 433 1290 Dania
459 1215 625 1292 noudum
650 1218 822 1290 scientiae
848 1220 997 1294 nomine
1022 1220 1077 1292 in·
1107 1261 1111 1268 ·

112 1339 237 1437 signiri
262 1339 406 1438 potuit,
430 1337 560 1412 melius
586 1350 709 1410 tamen
733 1337 850 1411 excoli
876 1341 1013 1438 coepit,
1040 1354 1077 1412 et

64 1441 67 1448 ⁴
112 1458 301 1555 foeminis,
326 1457 476 1557 quibus,
501 1471 592 1532 teste
607 1456 743 1548 *codem
759 1457 880 1530 Bauer
898 1459 945 1558 (3)
963 1483 1077 1557 usque

111 1577 159 1652 ad
184 1593 374 1679 acceptam
399 1577 510 1662 lidem
537 1577 782 1652 Christianam
813 1579 931 1652 unicis
962 1591 1077 1650 artem

112 1697 305 1773 exercendi
328 1711 488 1798 potestas
514 1699 601 1797 fuit,
635 1698 683 1774 ob
717 1700 878 1800 penitius
911 1697 1075 1772 studium

111 1817 287 1893 monachi
312 1819 353 1890 in
378 1817 520 1892 medela
550 1818 730 1892 afferenda
755 1817 872 1892 multo
900 1819 1078 1892 feliciores

112 1937 220 2012 luisse
245 1936 426 2010 videntur.
442 1979 493 1995 --
507 1937 647 2042 Pisces,
672 1937 839 2012 litoribus
854 1938 1002 2018 Danicis
1023 1963 1077 2026 ref

14 2059 17 2064 ’
109 2055 226 2154 lictis,
247 2055 335 2130 alias
360 2056 486 2159 legisse
503 2057 624 2156 sedes,
640 2058 708 2132 Tu.
724 2059 978 2132 Baarnomuus
996 2083 1080 2158 que·

110 2177 206 2250 ritur
219 2175 338 2274 (4);id
364 2159 464 2276 quod
485 2178 561 2256 siue
579 2176 692 2254 dubio
709 2203 787 2252 non
804 2179 945 2275 minus,
968 2204 1078 2277 quam

111 2294 262 2368 crebrae
287 2295 433 2374 urbium
458 2296 726 2370 foederatarum
750 2297 791 2370 in
820 2297 960 2374 Daniae
994 2323 1075 2405 oras

109 2415 312 2489 maritimas
333 2416 585 2516 incursiones,
617 2418 810 2518 praecipue
844 2417 984 2516 effecit,
1016 2431 1076 2512 ut,

116 2889 157 2950 (ι)
173 2883 256 2938 Libro
275 2848 379 2954 saepius
397 2883 435 2944 cit
450 2900 477 2954 p.
496 2883 584 2953 47-48.

113 2977 155 3038 (a)
171 2971 215 3026 lta
225 2973 277 3040 iam
289 2972 394 3025 saeculo
405 2971 464 3024 x111
475 2971 603 3024 Hernicos
614 2968 809 3037 Ηωιιπιπα,
820 2987 900 3042 quem
913 2970 1072 3024 canonicum

79 3120 83 3136 ,
173 3057 390 3113 Iloeakildensem
407 3058 489 3110 luisse
505 3057 661 3128 perhibent,
679 3057 809 3110 medicam
823 3058 1073 3111 commentationem

172 3147 292 3220 scripsit,
309 3150 385 3217 cujus
402 3147 431 3200 in
442 3148 573 3218 particula
583 3147 665 3217 priori
676 3147 745 3215 leges
757 3147 902 3200 nonnullae
915 3145 1070 3198 diaetetlcuc
1171 3165 1173 3170 ¹

172 3235 360 3306 inveniuntur,
377 3236 510 3306 posterior
525 3252 589 3289 vero
607 3236 706 3303 major,
723 3234 862 3306 perpaucis
880 3234 1012 3305 exceptis,
1030 3236 1071 3288 in*

174 3307 332 3392 terpretatio
348 3339 406 3376 erse
416 3322 524 3377 videtur
534 3323 634 3378 AEuttu
646 3323 730 3376 Macar
743 3322 871 3393 pecarnis
884 3321 917 3374 de
928 3322 1073 3376 herbarum

173 3397 328 3465 virtutibus.
345 3411 379 3466 V.
397 3411 456 3483 Nye
473 3411 580 3465 Dauslce
598 3413 695 3480 Magne
717 3429 726 3464 ι
747 3410 794 3464 Bd.
812 3409 921 3464 Kbhvu.
942 3411 1005 3482 ¹794
1026 3429 1072 3482 pp.

123 3556 126 3564 ,
173 3498 208 3566 ⁵7
224 3505 254 3551 εἰ
273 3515 329 3568 uo·
1005 3513 1012 3523 ·

116 3583 160 3650 (3)
176 3583 234 3638 Lib.
252 3585 297 3639 cit.
314 3603 342 3659 p.
360 3587 402 3654 48.
1024 3604 1029 3610 “

116 3671 159 3739 (4)
176 3673 217 3726 De
232 3673 327 3727 medic.
346 3675 446 3732 Dauor.
464 3675 574 3732 domest.
591 3693 619 3748 p.
636 3674 694 3730 285.
711 3675 780 3730 Dias.
800 3675 847 3730 vl.
866 3675 901 3728 de
921 3675 997 3749 rictu
1019 3674 1073 3725 Da:

175 3776 235 3815 nor.
253 3759 364 3817 domest.
