2628 4476
38 437 44 450 ι
123 394 159 476 εἰ
178 402 532 503 annonaeagravitas
548 415 685 504 urget,
716 427 738 478 e
768 403 906 482 molitis
939 408 1081 492 ossibus

122 524 178 598 vel
206 527 295 625 ipsis
328 523 498 600 carnibus
530 526 675 602 siccatis
708 521 874 628 piscinis,
910 530 1082 606 arborum

121 647 313 720 corticibus
337 635 529 725 licheneve
552 646 740 722 Islandicc
761 649 945 724 confecto.
970 651 1082 726 Vide·

120 791 198 840 mus
221 771 347 870 itaque
371 770 560 870 utriusque
593 771 752 844 nationis
785 769 930 871 plebem
958 770 1082 872 cibos,

118 888 255 987 digestu
281 889 532 989 difficillimos,
554 914 663 991 parce
684 890 902 992 nutrientes,
928 907 1082 992 pravum

119 993 269 1110 ohylum
295 1011 478 1110 pauentes
503 1033 685 1084 assumere
718 1011 863 1088 solitam
892 1037 984 1086 esse.
1016 1015 1082 1088 As-

121 1157 187 1232 que
212 1129 378 1204 adhaec
403 1132 529 1206 omnia
554 1111 790 1232 nil‘bilsitur,
816 1133 917 1234 quod
933 1134 981 1207 ad
997 1135 1083 1209 fun..

120 1255 260 1326 stiones
307 1249 460 1326 alacrius
506 1251 745 1352 perficiendas
786 1256 902 1353 possit
947 1263 1082 1356 organa

118 1372 374 1474 chylopottica
400 1375 626 1473 ciete3'nam
652 1397 744 1473 aqua
770 1374 942 1474 simplex,
968 1379 1081 1450 inter·
1119 1375 1122 1383 ‘

116 1493 205 1576 ,dum
230 1493 327 1568 lacte
350 1495 488 1583 mixta,
522 1491 835 1594 frequentissimus
867 1507 922 1568 est
949 1510 1081 1597 potus,

117 1617 289 1692 cerevisia
305 1614 403 1688 bona
424 1612 625 1704 admodum
646 1637 741 1715 rara,
757 1612 817 1688 vel
833 1618 954 1714 potius
970 1617 1081 1694 nullas

186 1735 430 1852 Perlustratis·
449 1734 600 1808 demum
631 1761 835 1836 pauperum
865 1737 1082 1840 domiciliis,

116 1865 240 1933 nonne
282 1860 416 1930 itemm
463 1854 579 1930 multa
622 1869 824 1932 occumuns
860 1881 1081 1960 magnopere

116 1977 343 2057 accusandal
358 1976 519 2050 Humilia
536 1988 641 2076 sunt,
660 1975 812 2064 humida
828 1979 960 2070 etiam,
981 1979 1083 2056 haud

115 2127 196 2176 raro
221 2126 268 2176 ex
295 2099 406 2174 unico
442 2097 556 2172 modo
589 2097 759 2172 cubiculo
793 2101 998 2176 consistunt
1006 2104 1082 2201 ,in

115 2249 189 2324 qaio
215 2235 295 2297 tota
326 2217 513 2294 interdum
545 2219 683 2293 familia
720 2243 795 2293 una
830 2246 924 2296 cum-
947 2223 1084 2298 anima*

115 2342 210 2419 libus
236 2342 445 2417 domesticis
469 2339 686 2414 minoribus
699 2365 767 2444 per
780 2339 1084 2444 *diesnoetesque

113 2480 296 2562 moratur,
322 2461 492 2536 alimenta
516 2475 637 2562 parat,
662 2461 741 2536 edit
765 2474 804 2556 et
830 2461 934 2566 bibit.
949 2511 952 2516 ·
968 2463 1083 2538 Fene.-

113 2601 226 2685 strae,
252 2585 364 2659 clavis
387 2585 497 2683 fixae,
518 2583 682 2688 solisque·
697 2582 818 2657 lucem
838 2609 947 2684 parce
970 2599 1083 2702 trans*
1128 2667 1133 2678 ⁸

113 2709 317 2802 mittentes,
344 2706 477 2804 aperiri
495 2727 580 2779 non
604 2703 745 2802 solent,
768 2729 888 2803 neque
921 2705 1083 2780 libeaiori

115 2827 200 2927 puri
225 2826 318 2900 aeris
341 2825 638 2922 commutationi,
664 2847 783 2924 neque
809 2824 969 2897 cubiculi
1000 2851 1085 2926 pur·

115 2947 255 3045 gationi
279 2946 366 3018 satis
392 2959 549 3019 cuman
573 2943 684 3020 Unde
715 2969 804 3020 vero
834 2943 1009 3042 efficitur,
1031 2957 1086 3020 ,ut

25 3087 29 3095 ·
117 3066 241 3143 lltmus
267 3065 429 3166 aliaeque
453 3064 710 3152 immunditiae
734 3063 898 3140 inclusos
917 3057 1086 3144 homines
1145 3071 1149 3078 '
1179 3103 1183 3113 ‹

116 3186 308 3285 infestent,
334 3201 579 3287 cotaneosque
603 3171 732 3286 poros,
756 3183 987 3259 excerneuda
1011 3209 1086 3257 ma·
1136 3279 1142 3284 ἱ

104 3308 207 3392 ¹ten'a
232 3304 419 3406 oppletos,
444 3307 566 3380 adhuc
595 3307 709 3405 magis
741 3305 913 3380 obturent
948 3303 1084 3407 talique

116 3425 229 3501 modo
253 3428 431 3500 maiorem
454 3427 656 3528 perniciem
681 3425 870 3519 inducant.
932 3467 941 3492 ·.
1066 3453 1072 3468 ·

176 3545 275 3620 -Non
303 3543 448 3621 difficile
475 3547 569 3621 foret
592 3545 698 3647 plura
719 3545 852 3620 afferre·
868 3545 1091 3634 testimonia,-

118 3691 211 3766 quae
237 3653 437 3748 admodum
455 3693 613 3768 wpravam
629 3691 705 3742 esse
723 3655 941 3767 sanitatique
963 3665 1085 3738 minus

118 3791 399 3867 convenientem
408 3769 691 3868 scandinavicae
699 3788 817 3891 plebis
831 3787 1084 3886 oeconomiam
1131 3871 1138 3877 .
