2628 4476
230 283 253 355 8
288 333 292 340 ·
642 351 648 370 ,

205 403 403 502 Norvegiae
430 401 667 478 occidentalis
692 401 835 504 plebem
859 404 1009 500 usitato,
1030 373 1177 478 etsub-

205 527 353 600 stantivi
369 526 464 627 Syge
481 524 677 600 conflatam
693 529 806 627 eaque
822 523 993 600 morbum
1012 525 1177 624 foedum,

206 661 359 748 tetrum,
386 663 566 748 atrocem,
597 647 812 724 horribilem
845 647 1000 722 indicari
1033 648 1174 722 dicunt.

206 769 344 844 Verum
370 769 572 844 secundum
596 770 709 844 latam
734 768 830 844 hanc
857 784 895 844 et
919 795 1048 868 vagam
1069 770 1175 844 vocis

206 893 301 990 vim,
327 917 418 992 quae
446 892 535 966 certi
561 893 681 966 morbi
706 891 846 966 nullam
870 891 1019 992 praebet
1051 891 1176 964 notio-

205 1037 303 1110 nem,
320 1035 479 1124 omnem,
497 1041 589 1115 quae
606 1029 747 1125 nostras
763 1015 929 1088 nationes
954 1011 1086 1110 affligit,
1101 1033 1180 1084 ma-

206 1133 344 1232 lignam
372 1134 576 1210 describere
597 1151 792 1212 cutoneam
810 1135 1041 1218 affectionem
1063 1132 1178 1206 chro-

206 1256 329 1328 nicam
354 1255 461 1356 longe
488 1271 588 1330 extra
619 1256 727 1330 huius
760 1255 875 1330 libelli
910 1255 1043 1340 limites
1075 1256 1180 1354 posi·

127 1421 131 1430 ·
207 1391 288 1450 tum
314 1391 385 1478 est,
411 1380 589 1480 imprimis
616 1404 730 1480 quum
755 1377 908 1452 verbum
933 1377 1180 1480 rade,usicuti

207 1498 394 1600 scribitur,
410 1501 509 1602 plebi
525 1501 768 1599 Norvegiecae
787 1502 974 1598 cognitum
991 1523 1067 1570 esse
1084 1521 1181 1598 non·
1257 1553 1259 1558 ,

208 1617 298 1694 dum
323 1647 535 1721 persuasum
560 1621 760 1694 habeamus
795 1634 902 1722 atque
936 1617 1179 1720 exploratum.

208 1739 303 1814 Nam
328 1759 370 1818 ut
395 1745 584 1844 omittam,
610 1742 741 1817 frustra
767 1741 807 1816 id
831 1743 872 1816 in
888 1740 1061 1841 glossario
1082 1742 1180 1836 Han·

208 1884 407 1948 moserano
433 1863 487 1962 (r)
514 1865 658 1966 quaeri,
676 1876 828 1948 testatus
847 1876 903 1936 est
920 1861 1180 1938 celeberrimus

207 1989 233 2064 ,θ’
255 1984 478 2060 nostratibus
503 1986 576 2086 vir,
599 1987 666 2086 qui
687 1975 754 2088 per
770 1983 891 2086 plures
907 2009 1022 2064 annos
1039 2009 1083 2060 ex
1100 2009 1181 2060 om·

204 2110 248 2182 ni
275 2109 348 2182 fere
374 2119 478 2210 parte
502 2093 721 2209 Norregiam
755 2121 831 2183 tam
857 2107 1039 2184 litoralem
1067 2134 1183 2210 quam

208 2232 419 2304 intestinam
435 2233 656 2332 peragravit,
674 2256 909 2334 quocumque
924 2229 1016 2306 mihi
1033 2231 1079 2306 de
1094 2257 1183 2332 pro-

104 2386 107 2394 *
209 2353 332 2454 posito
358 2365 572 2452 argumento
597 2352 705 2427 multi
737 2353 848 2428 suere·
872 2353 965 2453 grati
998 2352 1181 2454 utilesque

209 2500 417 2574 sermones,
436 2501 520 2556 sese
535 2475 754 2554 ,multifariis
779 2479 854 2552 suis
879 2479 919 2550 in
939 2478 1056 2577 patria
1073 2476 1182 2550 itine-

208 2595 309 2670 ribus
335 2623 525 2700 nunquam
549 2598 591 2672 id
611 2597 775 2674 audiisse.
794 2599 934 2674 Verum
949 2598 1182 2700 experiamur

211 2719 354 2818 itaque,
379 2746 427 2794 an
451 2723 631 2822 possimus
653 2719 762 2796 aliam
784 2719 976 2798 derivandi
996 2721 1181 2794 rationem

175 2933 178 2940 Ι
209 2839 392 2941 invenire,
418 2868 511 2944 quae
544 2843 687 2920 meliori
718 2847 804 2918 iure
831 2846 949 2945 accipi
982 2857 1175 2916 mereatur.

209 2961 401 3038 Germanis
435 2967 588 3059 Raude,
627 2967 860 3047 nostratibus·
885 2967 987 3058 Rue,
1010 2965 1179 3066 Rufio,

208 3085 288 3176 Boe
299 3128 350 3143 -·
366 3089 615 3163 Romanorum
636 3075 787 3183 roudus,
804 3091 914 3181 rudis,
931 3104 973 3164 ut
988 3088 1081 3164 mihi
1097 3087 1180 3190 qui-

209 3206 472 3300 dem'videtur,
490 3212 577 3286 satis
594 3213 748 3286 finitima
764 3211 874 3287 verba
891 3255 942 3269 -
955 3223 1113 3286 crustam
1131 3211 1181 3284 si·

214 3330 388 3430 gnificant
409 3335 522 3432 magis
544 3336 710 3409 minusve
731 3331 980 3436 inaequalem,
996 3357 1179 3433 asperam,

213 3453 359 3552 duram,
386 3454 556 3556 densam,
581 3445 674 3557 quae
700 3457 803 3531 ulcus
835 3453 1005 3553 obducit,
1040 3452 1183 3562 donec,

524 3642 860 3664 m

213 3739 251 3800 (ι)
269 3733 356 3787 Norsk
374 3733 543 3804 Ordsamliug
559 3735 627 3787 eller
645 3732 730 3786 Pr'ove
748 3732 777 3784 al
795 3731 899 3789 Norslre
922 3735 979 3792 ord
1000 3751 1033 3802 og
1055 3731 1175 3784 Telema-

271 3823 335 3876 ader
353 3824 450 3899 etc'al
464 3825 544 3878 Lacr.
563 3824 709 3877 Hermone.
728 3822 835 3879 louhen.
857 3826 930 3878 1802.
