2626 4470
253 298 323 391 114

223 433 260 492 et
285 441 394 518 quem
418 415 478 492 vel
493 413 679 490 'hodierno
700 428 861 514 tempore
889 417 1000 492 Rzosi
1019 419 1072 515 (1)
1088 422 1185 496 Tos-

223 562 354 623 csaous
386 537 437 631 (a)
467 534 732 633 religiosissime
765 535 909 625 colunt,
945 539 1086 637 sing'ulo
1121 569 1185 642 per

221 656 490 732 hebdomadam
514 656 574 730 die
598 654 770 728 balneum
793 657 957 732 intrandi
987 660 1086 760 apud
1118 687 1185 735 nos

221 779 353 850 iterum
378 779 584 877 recipiatur.
608 775 806 874 Norvegiae
825 763 911 850 sine
935 777 1105 852 dedecori
1122 797 1186 878 est,

224 923 271 970 ne
287 900 437 971 unicum
453 897 602 996 quidem
618 896 669 970 ibi
685 921 760 969 csse
777 898 988 971 institutum
999 899 1189 999 publicum

225 1017 418 1114 balneum,
443 1029 546 1090 tanto
571 1031 692 1090 autem
716 1018 860 1114 maiori,
888 1019 989 1117 quod
1013 1032 1088 1116 tam
1125 1047 1186 1094 ex-

225 1139 336 1210 tensis
362 1138 434 1210 oris
459 1137 649 1210 maritimis
675 1137 807 1235 gaudet
814 1191 826 1234 ,
847 1163 965 1238 neque
982 1137 1047 1212 ulli
1062 1155 1190 1240 terrae,

225 1257 290 1329 ubi
315 1255 538 1330 thcunarum
562 1270 600 1329 et
620 1256 775 1332 aliorum
791 1257 1006 1332 balrreorum
1023 1257 1190 1359 frequen·

227 1379 386 1450 tissimus
411 1390 467 1450 est
490 1401 681 1475 numerus,
706 1375 918 1474 fluviorum,
943 1379 1192 1479 rivorum71a·

229 1522 409 1598 cuumquc
427 1496 588 1571 dulcium
604 1521 767 1572 necnon
784 1497 1014 1572 mineralium
1031 1499 1191 1574 fontium
1309 1511 1310 1524 ¹

229 1618 452 1692 abundantia
479 1617 585 1690 facile
611 1617 718 1690 cedit.
767 1651 772 1656 ¹
1149 1615 1150 1620 ’

304 1739 427 1810 Restat
457 1763 544 1812 vero
569 1736 705 1810 adhuc
727 1761 855 1843 unum·
873 1737 1050 1826 auxilium
1075 1743 1191 1839 respi7

232 1883 330 1955 cere,
341 1933 345 1938 ,
356 1857 457 1958 quod
475 1861 515 1930 in
531 1883 636 1930 usum
656 1871 828 1931 vocatum
845 1883 922 1930 non
942 1863 1081 1958 polest,
1100 1862 1193 1959 quin
1309 1855 1310 1908 1

184 2009 192 2018 ·
234 1977 281 2050 ad
305 1977 443 2077 lepram
468 1991 631 2052 nostram
655 1977 840 2050 borealem
870 1977 1068 2076 fugandam
1101 1981 1198 2052 mol-

233 2097 313 2169 tum
339 2097 539 2196 conducet,
564 2099 671 2171 sicuti
697 2096 776 2171 aliis
802 2099 912 2170 etiam
945 2098 1039 2170 bene
1069 2101 1198 2173 multis

234 2217 435 2292 rationibus
454 2218 613 2318 benigno
634 2205 763 2292 effectu
792 2212 869 2291 non
894 2219 1029 2290 carebit
1049 2217 1202 2294 Plebem

235 2336 493 2436 Norvegiacam
520 2339 778 2438 Svecicamque
803 2361 878 2410 esse
902 2336 1007 2411 valde
1040 2338 1200 2417 inerudi-

145 2535 155 2542 ,
238 2469 312 2528 tam
338 2470 374 2528 et
389 2455 607 2556 officiorum,
625 2483 717 2558 quae
739 2485 758 2531 e
781 2460 987 2557 cognitione
1005 2457 1198 2547 ducantur,

552 2781 883 2804 m

243 2951 282 3010 (t)
293 2945 320 2998 P.
331 2964 355 2999 v.
368 2945 470 2999 niven
480 2944 690 3012 Esterretninger
700 2960 744 2996 om
756 2943 802 2998 det
813 2945 935 2998 Rusciske
947 2943 1009 3013 Rige
1021 2953 1072 2998 etc.
1087 2947 1196 3001 Kbhvn.

305 3035 374 3104 1747.
393 3035 417 3086 8.
434 3053 461 3104 p.
478 3033 600 3102 509-510.
618 3031 692 3085 Cous.
710 3032 736 3083 J.
748 3019 900 3086 'ustinus
921 3033 1013 3085 Reisen
1035 3033 1124 3087 durch
1144 3035 1198 3086 den

300 3121 409 3174 Norden
427 3139 452 3174 u.
471 3119 621 3173 Nordosten
639 3137 664 3173 v.
681 3120 787 3190 Europa
804 3121 832 3171 in
856 3121 893 3172 M.
916 3120 945 3173 C.
968 3119 1111 3172 Suessones
1131 3121 1201 3173 Bibl.

302 3211 350 3262 der
367 3207 604 3277 Reisebcschreib.,'
613 3207 702 3276 fortga.
713 3225 738 3262 v.
749 3207 781 3260 Τ.
793 3207 823 3258 C.
833 3205 966 3261 Earum.
978 3207 1010 3275 40
1021 3207 1069 3259 Bd.
1080 3207 1200 3261 Weimur

306 3299 378 3350 1810.
396 3315 422 3368 p.
443 3298 498 3350 165.
784 3331 787 3333 -
822 3320 830 3332 ’

247 3389 287 3448 (a)
304 3386 338 3438 G.
350 3385 379 3437 Α.
392 3385 514 3438 01111111
531 3384 604 3438 liciae
622 3381 708 3435 durch
725 3382 771 3434 das
781 3377 936 3440 ,Ttirkische
954 3383 1050 3451 Reioh,
1066 3383 1200 3454 AEgypteu
1309 3425 1310 3464 3

306 3489 333 3522 u.
351 3470 459 3522 Pcrsien
486 3469 756 3538 vonr792·1798.in
779 3467 920 3525 Scresouus
941 3469 1008 3520 Bibl.
1031 3470 1058 3522 d.
1082 3469 1205 3522 lieisebe-

306 3556 420 3610 schreib.
438 3559 455 3609 6
471 3557 519 3609 Bd.
537 3556 663 3610 Weimsr.
675 3573 701 3626 p.
717 3555 839 3624 ¹⁴l'l‘1483
857 3564 885 3607 et
893 3557 937 3610 W.
948 3555 1095 3608 Wrsruass
1107 3557 1203 3609 Reisen

307 3645 375 3698 nach
393 3645 418 3696 d.
438 3644 553 3711 Turkci,
571 3645 651 3696 Klein
668 3644 759 3711 Anien,
778 3644 871 3712 Syrien
894 3663 920 3696 u.
944 3643 1075 3714 AEgypten
1098 3646 1126 3695 in
1151 3643 1204 3694 den

307 3734 381 3786 Jahr.
403 3750 479 3803 1799,
500 3733 579 3798 1800,
602 3733 662 3783 1801
687 3748 712 3783 v.
733 3730 875 3784 Senatores
897 3731 963 3784 Bibl.
987 3732 1012 3784 d.
1037 3729 1204 3786 llciscbcsch.

289 3821 342 3875 ’16
359 3821 405 3877 Bd.
423 3821 542 3878 Weimar
562 3819 632 3872 1805.
650 3835 678 3889 p.
696 3817 784 3888 38-39.
817 3827 820 3834 ’
