2626 4470
269 283 343 358 116

236 405 443 506 spatiantur
460 423 606 500 quoque
619 398 812 498 populares
827 399 991 502 scholae,
1008 407 1047 478 in
1066 407 1212 506 quibus·¹

237 525 340 624 egeni
377 522 497 622 pueri,
535 519 635 594 hisce
668 522 845 619 magistris
878 537 1039 624 utentes,
1073 527 1120 600 de
1153 529 1202 600 iis

237 645 393 744 gratuito
418 640 552 714 erudiri
576 641 737 740 possint,
760 665 854 739 quae
878 642 925 716 ad
951 643 1059 720 beate
1085 661 1202 722 recte-

153 836 157 844 ,
237 789 308 866 que
332 751 536 840 vivendum*
565 763 660 836 scitu
692 763 848 838 maxime
879 760 1080 840 necessaria
1111 770 1198 842 sint.

161 943 164 950 .
235 883 506 986 Discipulorum
545 883 694 958 animos.
721 880 841 958 bonus
872 885 995 986 itaque
1016 889 1202 988 magister

235 1003 393 1102 imbuat,
407 1005 502 1076 inter
515 1002 650 1102 officia,
664 1027 757 1103 quae
772 1002 842 1078 sibi
859 1004 1009 1106 aliisque
1025 1007 1200 1112 debeant,

237 1125 296 1224 id,
321 1123 423 1224 quod
446 1125 637 1198 sanitatem
662 1122 836 1200 tuendam
859 1125 1001 1217 iubeat,
1026 1153 1105 1204 non
1138 1134 1197 1205 iu-

235 1248 363 1322 fimum
374 1243 499 1318 locum
515 1245 663 1342 mereri3
679 1269 741 1320 eos
755 1243 921 1336 edoceat,
938 1245 1082 1346 fiigcris
1098 1276 1199 1326 aver·

235 1368 393 1455 sionem,
417 1361 607 1440 meliorem
631 1366 770 1440 victum
791 1367 954 1468 cutisque
976 1368 1195 1444 munditiem

234 1487 428 1588 praecipua
440 1509 515 1588 esse
529 1483 650 1585 leprae
667 1484 917 1585 prohibendae
930 1488 1195 1592 pellendaeque

233 1606 412 1704 remedia,
436 1630 586 1706 pravam
611 1604 716 1680 tollat
740 1608 970 1708 opinionem,
1002 1609 1195 1699 morbum,

236 1727 314 1802 sine
341 1725 448 1827 culpa
465 1739 688 1828 susceptum,
713 1727 913 1826 ignominia
939 1731 1115 1829 stipatum
1140 1757 1195 1804 es-

96 1947 99 1952 ·
235 1873 292 1947 se,
317 1862 426 1949 atque
450 1845 615 1944 neglecti.
628 1846 716 1920 mali
747 1843 907 1947 peticula
938 1848 1196 1925 demonstrans

235 1991 358 2042 severe
391 1979 556 2056 moneat,
594 1979 650 2065 ut,
682 1967 742 2040 cui
775 1967 1000 2066 contagionis
1033 1971 1193 2070 suspicio

190 2125 192 2132 v
235 2109 361 2160 exorsa
387 2086 513 2184 fucrit,
538 2087 572 2160 ie
594 2088 712 2185 nequ'e
738 2111 819 2164 cam
842 2086 975 2186 celare,
995 2114 1114 2189 neque
1131 2115 1197 2164 cu

235 2207 415 2282 rationem
440 2205 581 2280 differre
606 2205 754 2296 debeat,
778 2232 922 2297 verum,
945 2219 1017 2308 quc
1040 2208 1192 2284 celesius

233 2328 417 2426 tutiusque
442 2328 483 2400 in
507 2325 661 2400 salutem
685 2325 806 2400 redire
826 2331 955 2428 possit,
972 2330 1191 2404 sesestatim

89 2525 101 2550 „
235 2460 381 2548 experto
406 2445 551 2522 medico
572 2447 809 2538 committere
821 2449 1014 2548 omniaque
1035 2450 1194 2547 ingenue

191 2641 194 2660 ,
234 2569 390 2668 aperire,
406 2581 444 2641 et
459 2580 582 2641 sancte
596 2566 744 2640 demum
756 2566 996 2644 medicamina
1011 2593 1196 2644 assumere
1301 2597 1302 2670 ᾗ

232 2686 281 2762 ad
292 2686 623 2788 praescriptumque
636 2684 793 2758 diaetam
806 2686 937 2766 vivere,
950 2686 1008 2761 Ad
1021 2686 1088 2760 bas
1104 2709 1195 2764 vero
1301 2689 1302 2739 t

230 2805 326 2905 leges
358 2803 512 2878 sollicite
545 2791 739 2906 serpandas
771 2829 955 2881 sacrorum
990 2808 1190 2907 antistites,

229 2927 499 3026 provinciarum
523 2925 697 3024 praelecti
722 2924 952 3024 militumque
974 2925 1088 2998 duces
1113 2927 1191 3002 alii»
1300 2930 1301 2940 ’

117 3075 120 3080 ·
230 3073 302 3146 que
325 3071 467 3133 omnes,
492 3044 623 3144 quibus
655 3042 703 3116 ad
735 3043 879 3143 plebem
912 3036 1033 3117 aditus
1062 3060 1189 3145 feteat
1299 3089 1300 3134 ι

230 3167 286 3242 vel
311 3167 479 3266 frequens
505 3191 588 3238 cum
615 3187 655 3236 ea
681 3167 728 3236 sit
747 3163 990 3252 consuetudo,
1016 3179 1091 3239 tam
1107 3169 1187 3266 ipso
1227 3145 1231 3154 .
1299 3169 1300 3172 ’

229 3286 410 3385 exemplo,
436 3307 548 3386 quam
569 3283 724 3381 benigna
749 3283 1002 3368 adhortatione
1027 3285 1185 3358 multum

127 3485 132 3494 ,
208 3405 434 3482 conducere
459 3416 625 3505 possunt,
658 3427 749 3502 quac
781 3401 989 3502 ubicunque
1021 3403 1076 3476 nil
1108 3404 1187 3504 pol-

228 3525 344 3622 leant,
381 3526 512 3598 minari
548 3525 733 3622 ipsamque
771 3522 921 3594 demum
953 3523 1029 3597 vim
1061 3524 1184 3598 invitis

229 3643 400 3718 adhibere
425 3643 492 3740 iis,
517 3646 731 3742 penuissum
755 3667 830 3714 esse
858 3639 977 3713 debet.
1018 3638 1025 3650 '
1176 3733 1179 3754 Ι

302 3765 463 3868 Exposui
479 3764 545 3864 ita,
562 3775 603 3836 ut
620 3763 738 3864 potui,
755 3762 852 3836 viam
868 3775 975 3864 atque
993 3762 1184 3850 rationem,
