2628 4476
1022 307 1065 387 ¹7

29 487 31 492 ,
111 403 378 518 dubitatio.j··-
392 399 640 502 singularibus
661 399 769 477 faciei
789 377 900 504 signis
918 411 1094 508 exceptis,

112 527 299 601 hactenus
325 524 493 600 nil'soris
519 525 744 628 conspicitur
752 553 763 624 3
789 544 881 626 quae
905 530 1112 608 reiciam.

113 641 321 746 accedunt,
348 647 442 722 cutis
466 647 642 724 nimirum
662 649 859 724 solutiones
883 654 1095 749 continuae,

113 793 259 845 novam
283 769 387 872 quasi
407 768 575 844 formant
605 767 725 848 morbi
758 767 949 870 epocham.
975 813 1026 830 --
1050 773 1095 848 lu

113 893 200 968 aliis
239 915 423 965 summam
462 903 585 966 cutem
625 889 799 966 defoedet
837 889 1095 994 fferescentiu

113 1013 305 1115 betpeticu
328 1017 449 1104 sicca,
473 1037 560 1086 mox
579 1014 760 1116 ¹sparsim,
784 1025 870 1090 mox
903 1021 1095 1116 congrega·
1146 1091 1150 1100 ,

114 1137 187 1208 tim
213 1131 416 1236 prodiens,
445 1131 632 1232 albicans,
664 1136 768 1238 quasi
801 1135 919 1210 farina
944 1135 1096 1212 sursun-

112 1257 235 1332 busve
262 1254 426 1353 obtecta,
444 1253 577 1356 quibus
593 1253 765 1330 detractis
782 1254 974 1334 subiacens
1000 1260 1094 1333 cutis
1213 1269 1217 1278 '

114 1375 346 1480 epidermide
388 1373 515 1451 orbata
553 1392 714 1478 apparet.
756 1378 965 1488 Epidermis
1007 1405 1094 1455 vero

113 1499 223 1574 brevi
256 1511 466 1597 regenerata
490 1497 730 1599 inaequaliter
764 1499 882 1573 indies
908 1505 1095 1578 crassescit

115 1605 317 1727 cutemque
338 1645 567 1720 squamosam
588 1619 718 1695 reddit
741 1620 820 1696 Aut·
837 1617 1095 1724 efflorescentia

103 1745 225 1843 ‘larga
250 1739 435 1833 scabiosa,
460 1739 612 1816 humida
624 1797 636 1840 ,
672 1741 874 1819 admodum
906 1747 1094 1848 pruriente

116 1876 323 1963 texantur,
346 1888 458 1964 quae,
479 1853 580 1938 vario
602 1865 795 1940 interiecto
818 1849 992 1976 temporis
1014 1891 1095 1970 spa·

117 1991 191 2076 tio,
217 1985 438 2086 parimodo
463 1986 686 2062 terminatur.
713 1975 1094 2078 Plurimisautem'in
1211 2033 1214 2038 ,
1304 1993 1305 1996 ’

117 2110 301 2208 aegrotis,
333 2109 374 2180 in
407 2107 499 2181 facie
532 2109 718 2209 primum,
752 2106 839 2182 dein
879 2109 1021 2212 reliquo
1053 2114 1094 2185 in

119 2236 303 2332 corpore,
335 2227 483 2304 crebrae
508 2242 706 2331 erumpunt
719 2253 722 2260 ’
737 2231 828 2306 varii
854 2229 989 2307 coloris
1010 2258 1094 2306 'mu-

120 2354 230 2428 tulae
256 2375 389 2451 parvae
401 2405 413 2450 ,
435 2375 579 2426 morsus
605 2349 770 2453 pulicum
801 2352 1095 2453 magnitudinem

54 2474 59 2482 “
118 2476 180 2550 vix
206 2473 441 2573 excedentes,
467 2472 720 2574 ad-margines
755 2475 976 2578 quandoque
992 2490 1112 2552 >nont

121 2594 217 2671 nihil
261 2595 450 2695 elevatae,
496 2617 784 2697 nonnunquam*
810 2613 1091 2698 evanescentes,

121 2715 275 2792 humida
306 2741 396 2792 vero
427 2731 643 2818 tempestate
679 2719 813 2792 iterum
845 2734 1095 2819 recurrentes,

122 2839 338 2942 plerumque
354 2863 462 2912 sensu
478 2837 646 2937 hebetes,
665 2840 755 2940 quin
776 2836 961 2914 interdum
984 2840 1094 2944 plane

124 2960 342 3060 destitutae,
377 2959 471 3035 adeo
503 2974 546 3035 ut
578 2959 646 3036 vel·
662 2985 732 3034 acu
757 2975 932 3062 purretae'
950 2960 1094 3036 nullum

123 3086 237 3156 citent
259 3097 406 3180 aegroto
425 3081 614 3158 dolorem„
630 3083 770 3185 Ruptae
792 3081 851 3159 vel
871 3082 1019 3158 laticem
1044 3087 1095 3160 vi·

123 3203 268 3278 scidum
290 3200 451 3298 fundunt
472 3205 673 3307 crustisque
695 3203 897 3306 squamosis
905 3229 1004 3305 ‚mox
1030 3207 1094 3282 ob·

124 3338 312 3426 teguutur,
334 3323 395 3400 vel
416 3330 492 3402 acri
513 3351 594 3402 sero
611 3325 783 3428 impletae
804 3314 959 3402 vicinas
972 3342 1094 3430 partes

125 3447 303 3521 artedunt
320 3445 572 3548 ulceribusque
584 3437 756 3548 malignis
774 3435 874 3522 haud
897 3471 979 3524 rara
996 3452 1094 3526 viam

125 3583 302 3642 sternunt.
329 3569 447 3643 Hasce
473 3569 751 3644 efflorescentias
775 3569 1009 3673 maculasque
1036 3597 1095 3645 cu·
1203 3577 1206 3582 ’

125 3692 303 3764 mitantur
327 3689 386 3764 vel
419 3703 620 3791 sequuntur
653 3687 782 3764 nuduli
815 3705 851 3764 et
886 3691 1092 3766 turbercula

127 3836 286 3914 cuprea,
319 3810 539 3913 quandoque
571 3809 763 3915 plumbea,
789 3815 895 3889 initio
921 3810 1092 3912 mobilia,
