2628 4476
1012 261 1056 312 21

192 353 369 447 Quamvis
393 349 564 426 morbum
588 352 663 426 iam
695 350 970 456 descripsimus,
1002 381 1088 458 qua·

114 483 192 556 lem
216 504 294 554 sese
319 475 407 554 viris
432 468 594 552 summae
619 477 846 552 auctoritatis
866 477 1087 580 exhibuerit,

116 603 274 678 forsitan
299 612 423 674 mmen
447 614 552 699 sunt,
575 599 641 702 qui
672 598 742 674 sibi
775 625 990 701 persuasum
1022 601 1090 677 ha·

114 728 205 800 berc
230 721 400 822 credant,
433 719 613 796 nonnulla
644 723 809 826 exposita
842 723 952 798 fuisse
985 751 1086 827 sym·

115 859 303 948 ptomata‚
328 869 421 946 quae
447 829 496 919 ad
520 841 670 920 solitum
695 845 772 920 eius
798 842 993 922 decursum
1009 871 1089 924 uon

117 969 346 1070 pertineant,
360 966 422 1042 vel
442 968 603 1068 squamis
626 967 780 1054 nimiam
801 968 912 1046 tuisse
932 971 1010 1046 vim
1026 971 1088 1046 tii·

111 1091 244 1164 butam
268 1087 487 1190 easdemque
510 1113 590 1164 non
614 1113 692 1166 esse
716 1090 937 1194 principales
966 1089 1089 1166 diceu-

113 1211 195 1288 das.
221 1211 327 1305 Quae
350 1237 467 1314 quum
484 1197 538 1291 'de
559 1210 624 1287 illa
644 1215 831 1313 signorum
856 1215 969 1312 serie,
995 1239 1088 1316 quae

116 1332 207 1411 mali
228 1335 334 1436 quasi
358 1332 589 1435 praeludium
616 1337 856 1434 constituere,
885 1349 922 1412 ct
952 1335 998 1410 de
1020 1335 1090 1409 sor·

117 1439 206 1554 mis,
223 1441 355 1558 quibus
372 1469 557 1530 maturum
576 1455 736 1532 eumdem
751 1455 899 1558 prodire
916 1453 1088 1556 diximus,

117 1581 336 1680 praesertim
360 1577 480 1655 valere
503 1577 689 1682 videatur,
713 1577 812 1656 hanc
835 1603 916 1656 rem
940 1575 1094 1684 uberius

116 1715 163 1776 ut
190 1700 454 1804 disceptemus⁷
480 1725 574 1804 opus
598 1716 663 1776 est.

195 1823 283 1898 Non
308 1823 523 1922 diffitemur,
548 1822 608 1898 vel
623 1823 953 1926 experientissimos
986 1825 1091 1900 exsti·

120 1951 210 2022 tissa
236 1943 360 2022 morbi
384 1945 653 2036 observatores,
685 1948 749 2047 qui
781 1947 984 2048 primorum
1014 1949 1091 2022 eius

117 2071 312 2144 initiorum
349 2081 413 2145 aut
444 2063 601 2143 omnino
629 2066 771 2143 nullam
802 2083 866 2146 aut
896 2068 1092 2144 obscuram

117 2191 237 2268 modo
266 2193 429 2268 facerent
452 2192 689 2266 mentionem.
710 2191 808 2266 Eum
828 2215 905 2266 sese
930 2169 1093 2293 primum

109 2316 162 2388 in
180 2313 351 2416 pedibus,
380 2313 540 2390 brachiis
561 2313 726 2416 facieque
751 2328 790 2388 et
815 2313 966 2416 quidem
995 2328 1092 2389 cuta-
1163 2319 1164 2324 ’

118 2442 202 2514 neis
226 2435 426 2512 tuberculis
456 2437 706 2536 manifestare,
736 2437 813 2511 iam
843 2438 884 2512 in
926 2435 1093 2513 disserta-

119 2563 235 2638 tionis
259 2585 344 2635 suae
370 2559 434 2658 (1)
459 2558 587 2664 limine
612 2557 759 2662 doctiss.
786 2557 947 2638 Girlesen
970 2561 1092 2660 .dicit;

122 2707 244 2784 neque
269 2683 310 2754 in
334 2683 614 2783 praecipuorum
646 2694 684 2755 et
714 2683 1093 2760 constantissimarum

123 2805 314 2903 signorum
339 2803 631 2902 enumeratione,
657 2826 782 2903 quam¹
797 2815 925 2903 postea
958 2809 1014 2904 (p.
1047 2803 1094 2901 6,

123 2933 150 3017 ς.
184 2936 227 3025 7)
260 2922 429 3022 exiribet,
464 2922 536 2997 alia
578 2936 841 2999 commemorat
880 2921 1092 3026 prodromo.

122 3047 307 3148 Loquitur
328 3044 479 3146 quidem
495 3043 541 3120 de
574 3047 752 3146 «segnitie
772 3045 969 3146 nonnulla,
993 3070 1035 3122 so
1042 3029 1102 3122 m?

122 3165 289 3243 nolentia
322 3191 553 3270 genuumque
577 3167 759 3268 rigiditate
792 3175 846 3270 (p.
874 3173 935 3268 a),
961 3165 1094 3244 deinde

124 3289 173 3366 de
198 3289 376 3386 acerrimo
409 3287 553 3391 dolore,
592 3316 702 3392 quem
739 3289 788 3366 ad
827 3285 990 3366 radicem
1015 3273 1120 3402 uasi'
1160 3301 1164 3308 '

389 3575 392 3582 ’
454 3579 457 3590 ι
537 3557 541 3578 Ι
572 3557 585 3578 Ι.
610 3557 656 3580 1-
729 3557 753 3580 Ι.

131 3705 174 3769 (ι)
189 3698 519 3768 numunianum
530 3697 565 3754 aa
576 3667 916 3768 transmissura.
932 3694 1008 3754 sust
1025 3693 1093 3750 soa

192 3793 326 3848 Graecam.
343 3789 454 3846 liciniae
474 3789 546 3860 1785.
583 3863 589 3874 Ι
