2612 4474
969 246 1038 324 163

170 370 323 470 Insuper
340 368 503 468 eorporis
525 364 743 463 mundities,
765 363 1063 442 uoeutisoultu·

95 515 134 562 ra
160 487 232 562 illis
258 502 351 562 esset
375 487 615 586 inculcanda,
638 497 860 586 quapropter
881 488 1064 590 optimum

95 609 175 682 sore
202 607 331 707 eredo,
355 608 386 682 si
410 606 541 714 balnea
566 595 715 709 publiea
742 601 807 680 ubi
821 602 924 680 baec
949 608 1063 708 pestis

94 747 204 803 suum
238 741 345 802 'tenet
378 711 594 828 imperium·
613 727 913 826 instituerentur,
946 753 1063 828 quae,

95 851 187 950 quin
212 848 344 924 miselli
370 847 508 950 aliquid
533 845 714 962 pendant,
740 859 891 949 possent
915 848 1065 924 intrare·

91 989 95 1001 ·
172 968 328 1067 Medici,
361 967 518 1044 Perochi
545 981 588 1044 et
617 967 787 1070 Chirurgi
819 966 1011 1086 vigilent,
1022 983 1065 1044 ut

94 1088 227 1189 illis,
213 1116 257 1162 sn
273 1087 416 1190 quibus
423 1085 590 1165 morbus
616 1112 853 1191 prorumpere
877 1079 1071 1194 minatur,
1101 1093 1105 1100 '

22 1289 25 1294 ,
93 1209 196 1284 illico
229 1209 403 1286 auxilium
432 1210 597 1286 serretur.
631 1211 701 1284 Hic
736 1225 859 1286 tamen
896 1235 981 1287 eum
1016 1211 1062 1288 cl.

93 1331 265 1436 Fsuzsoo
290 1333 504 1432 consentio,
538 1354 616 1408 non
641 1332 868 1406 nosodochia
895 1362 963 1437 pro
984 1333 1064 1436 pel·

93 1453 246 1564 lagrosis
285 1479 362 1528 esse
401 1453 658 1529 construenda.
678 1440 933 1530 ¹Vehementer
965 1457 1066 1534 enim

94 1599 286 1673 aegrorum
303 1575 466 1650 animum
488 1589 696 1655 commovet
723 1589 760 1650 et
785 1575 926 1676 aflligit,
952 1577 982 1650 si
1002 1601 1060 1650 re·

95 1708 209 1798 pente
235 1720 278 1770 ex
303 1694 461 1772 familiae
495 1698 590 1770 sinu.
603 1698 753 1796 remoti,
780 1694 827 1769 ad
852 1697 1066 1772 nosocomia

95 1812 400 1918 transferrentur,
415 1815 488 1892 *ubi
513 1815 581 1894 sihi
609 1815 715 1915 solis,
737 1815 971 1918 tristibusque
984 1819 1066 1892 m'e-

96 1938 355 2037 ditationibus,
380 1938 512 2038 quibus
527 1936 722 2038 pellagrosi
741 1941 986 2014 communiter
1004 1939 1066 2014 de-

94 2061 277 2157 tinentur,
300 2058 437 2157 relicti,
462 2057 612 2149 morbus
632 2061 759 2158 potius.
776 2059 1065 2163 exasperaretur',

43 2221 47 2228 ·
92 2205 207 2281 quem
231 2181 478 2278 mitigaretur,
505 2193 594 2278 tuno
627 2179 790 2282 alioquin
823 2179 914 2256 haec
940 2181 1063 2256 homi·

12 2281 13 2290 ἵ
92 2327 187 2374 uum
216 2299 337 2374 elassis
364 2301 410 2380 de
439 2297 648 2376 valetudine
678 2325 745 2374 sue
774 2325 905 2404 parum
930 2302 1085 2390 solliei-⁴

95 2437 133 2496 ta
160 2403 312 2516 npstrae
333 2423 420 2495 artis
451 2419 583 2496 auxilia
614 2435 703 2496 tunc
734 2435 879 2496 tantum
907 2437 1066 2527 petunt,

95 2557 211 2644 quum
236 2529 309 2644 iam
333 2542 483 2618 morbus
516 2544 555 2616 in
589 2545 698 2616 tertio
724 2543 868 2642 stadio,
898 2542 988 2642 ubi,
1022 2557 1085 2623 utx
1149 2599 1165 2609 .-

25 2723 26 2726 ,
95 2665 306 2766 saepissime
331 2663 377 2738 de
404 2663 588 2738 chronicis
613 2662 750 2737 morbis
776 2666 916 2762 evenit,
941 2679 1065 2738 actum

95 2768 159 2860 e'st.
186 2783 314 2858 Melius
339 2787 461 2886 itaque
487 2786 704 2866 miserorum
730 2784 902 2889 adversae
926 2773 1061 2860 ualetu-

95 2905 175 2980 dini
193 2904 459 3005 consuleretur,
485 2908 515 2979 si
540 2917 707 3006 sumptus
735 2907 775 2979 in
801 2905 893 2980 haee
911 2929 1065 2982 nosoeo·
1096 2979 1101 2986 .

83 3029 170 3104 ‚mia
196 3025 417 3128 adhibendi,
449 3028 490 3101 in
522 3027 718 3108 meliorem¹
743 3053 935 3126 aegrorum
960 3026 1063 3100 domi

93 3147 305 3248 degentium
321 3150 479 3249 rictum,
504 3162 542 3222 et
567 3149 725 3222 diaetam
741 3137 1064 3249 impenderentur„

85 3297 138 3366 ‚oc
172 3274 290 3370 major
327 3270 414 3346 inde
446 3270 601 3346 sanandi
641 3295 786 3378 quoque
824 3267 945 3345 morbi
979 3293 1063 3379 spes

92 3393 351 3498 impertiretur.
542 3381 547 3389 ⁸
