2628 4476
1039 282 1064 356 5

333 465 858 576 INTROITUS.

459 1295 471 1330 i

100 1586 323 1749 Morbus,
350 1649 413 1751 qui
438 1649 633 1725 senioribus
657 1652 872 1753 praesertim
898 1649 1105 1728 decenniie'

99 1777 294 1851 Ruunsuon
320 1772 471 1846 nomine
497 1773 536 1846 iu
561 1773 754 1873 peninsula
779 1787 904 1850 nostra
931 1773 1084 1850 Scandi-

99 1899 241 1971 navica
275 1908 353 1966 tam
385 1893 575 1992 innotuit,
608 1892 697 1993 diu,
731 1893 884 1970 forsitan
917 1917 1086 1996 semper,

100 2019 278 2091 Sveciam
302 2037 381 2088 non
406 2015 545 2112 minus,
563 2039 674 2116 quam
690 2014 907 2116 Norvegiam
925 2019 1080 2093 vexavit.

99 2139 188 2212 lam
216 2135 311 2210 coeli
336 2136 500 2236 atrisque
526 2150 564 2208 et
588 2136 657 2212 soli
690 2161 833 2214 summa
859 2140 1082 2214 convenien-

101 2264 180 2358 tia,
213 2261 345 2332 intima
377 2255 583 2332 incolarum
617 2259 774 2358 rictus,
793 2246 1011 2362 quaestuum
1045 2276 1082 2335 et

102 2396 341 2456 coeterorum
365 2381 532 2454 omnium
558 2379 635 2454 fere
659 2381 909 2481 negotiorum,
935 2401 1082 2456 morum

103 2517 141 2576 et
168 2500 480 2576 consuetudinum
513 2499 714 2577 similitudo
747 2504 787 2576 in
822 2527 904 2578 eam
939 2503 1083 2578 ducunt

104 2625 346 2724 opinionem,
370 2636 413 2696 ut
438 2635 553 2696 terrae
578 2627 723 2724 utrique
749 2612 862 2698 iidem
884 2625 958 2698 sint
974 2623 1083 2698 ende·

103 2747 173 2818 mii
202 2744 346 2842 morbi,
379 2745 619 2818 vetustissima
651 2747 801 2844 insuper
835 2745 1082 2848 documenta,

104 2879 275 2940 veterum
296 2880 333 2938 et
349 2863 611 2942 hodiernorum
628 2865 855 2940 medicorum
873 2866 978 2940 effata
995 2849 1081 2940 satia

107 3013 290 3088 superque
309 2987 461 3086 docent,
484 2987 579 3062 hauc
597 2988 861 3087 aegritudinem
878 2988 986 3062 fuisse
1006 3011 1082 3061 om·

107 3111 148 3181 ni
175 3110 350 3182 memoria
376 3110 417 3181 in
442 3110 569 3184 Svecia
588 3135 701 3209 aeque
720 3109 952 3207 familiarem,
971 3125 1079 3210 atque

108 3231 152 3304 in
176 3229 352 3328 Norvegia
379 3235 437 3322 (1).
465 3231 736 3313 Commentatio
762 3233 894 3329 igitur,
922 3255 1013 3330 quae
1040 3233 1080 3304 in

429 3453 764 3479 m

114 3593 155 3655 (r)
168 3589 314 3644 denarum
332 3591 422 3662 itaque
440 3591 527 3655 (Dies.
540 3590 687 3657 inaugural.
701 3590 734 3644 de
758 3593 851 3646 morbo
869 3600 983 3646 cotaneo
1001 3593 1074 3646 luem
1099 3645 1102 3652 ,

174 3693 314 3732 veneream
331 3681 532 3734 consecutivum
550 3679 702 3732 simulante.
721 3679 810 3752 Upsal.
824 3697 945 3734 uneccvr.
959 3680 983 3748 4.
996 3697 1021 3751 p.
1035 3682 1076 3743 3.)

173 3773 200 3816 ct
217 3766 328 3819 aliorum
352 3767 520 3838 opinionem,
542 3767 666 3820 morbum
691 3784 748 3822 esee
771 3785 786 3822 e
809 3770 941 3837 Narvegia
965 3769 993 3819 iu
1016 3768 1077 3822 Sve-

173 3855 239 3906 ciam
257 3855 428 3929 translatum,
447 3856 552 3910 admitti
570 3872 625 3909 uon
642 3867 730 3926 poste,
745 3859 844 3927 cuique
857 3857 932 3910 facile
949 3862 1031 3927 patet.
