2626 4470
90 313 362 454 subjiciuntur.
385 321 516 423 llostra
541 347 651 445 igitur
678 347 880 426 horrendae
912 347 984 422 luis
1002 256 1077 424 7090.

109 477 255 574 gnitio,
286 489 415 572 quae,
456 472 606 544 nomine
648 471 838 572 liadesyge
878 471 1073 570 insignita,

108 592 391 674 Soandinariam
413 604 602 694 tantopere
628 592 801 689 exagitat,
826 590 870 663 de
898 596 1073 691 cujusque

108 729 240 789 natura
267 713 374 788 nobis
399 739 517 813 nuper
541 737 618 788 uun
643 712 725 813 plus
751 714 936 810 constitit,
962 739 1074 813 quam

107 835 154 910 ad
170 834 482 913 exanthematieas
495 859 575 906 eam
590 832 777 918 eaebexias
790 835 979 934 pertinere,
999 838 1073 934 jam
1135 861 1139 870 ·

106 955 200 1030 adeo
225 957 400 1046 increvit,
426 968 468 1026 ut
492 954 592 1026 nulla
619 955 775 1054 amplius
800 956 846 1030 sit
872 953 1072 1051 dubitatio,

106 1081 197 1178 quin
228 1077 401 1150 morbosa
428 1075 476 1148 sit
505 1075 672 1172 affectio,
697 1089 861 1158 veterum
887 1089 933 1148 et·
949 1099 1073 1148 rauen-

103 1199 241 1272 tiorum
267 1195 387 1295 leprae
412 1209 449 1267 et
474 1194 712 1294 elephantiasi
743 1197 918 1294 proxima.
933 1236 984 1254 -·-
998 1195 1071 1268 Ve-

104 1343 187 1393 rum
206 1317 350 1390 etiamsi
367 1314 632 1388 exanthematis
654 1320 768 1388 nostri
790 1341 970 1388 summam
987 1341 1072 1388 eum

104 1437 263 1510 aliarum
287 1449 464 1508 terrarum
496 1434 648 1532 leprosis
680 1433 817 1508 morbis
851 1437 1072 1528 oopvenien·

106 1559 199 1631 tiam
232 1558 398 1630 evincere
429 1555 655 1654 studuimus,
689 1570 811 1628 tamen
845 1581 922 1630 uon
952 1556 980 1629 ii
1012 1583 1072 1628 su-

105 1703 219 1778 mus,
237 1680 300 1777 qui
325 1679 423 1764 idem
449 1703 534 1778 cum
560 1676 639 1748 aliis
665 1676 968 1774 aegritudinibus,
996 1678 1073 1776 qui·

104 1791 263 1876 buseum
290 1824 310 1870 a
336 1799 524 1874 viris'non
549 1799 676 1896 paucis
692 1795 940 1895 confunditur,
964 1797 1072 1870 sicuti

105 1921 307 2017 seorbuto,
340 1917 546 2020 syphilide,
580 1944 685 2017 posse
720 1899 943 2018 complicari*
963 1943 1071 2016 nege·

106 2063 216 2138 mus,
250 2040 340 2139 quin
364 2038 533 2112 lubenter
557 2041 831 2140 concedimus,
848 2039 941 2114 illud
964 2065 1071 2140 saepe
1144 2027 1147 2034 Δ

90 2146 251 2262 ¹saepius
277 2186 362 2232 oum
380 2153 487 2232 'hisee
512 2139 604 2233 adeo
631 2163 784 2252 mixtum
815 2160 979 2262 prodire,
1006 2172 1070 2258 ut,

104 2282 176 2355 nisi
210 2280 259 2353 ad
292 2260 582 2380 symptomatum
614 2279 807 2356 decursum
831 2282 1068 2380 respiciatur,

104 2427 288 2502 quaenam
320 2403 419 2500 sigua
433 2456 444 2499 ,
486 2401 715 2501 scorbutica,
753 2400 983 2502 syphilitieu,
1023 2425 1070 2473 an

102 2546 190 2596 vere
216 2521 384 2622 leprosa,
413 2521 664 2621 praevaleant,
696 2523 902 2622 quinamve'
917 2519 1067 2596 morbus

105 2641 321 2744 principalis
352 2642 555 2718 causendus
589 2644 660 2741 sit,
687 2668 765 2716 non
795 2641 900 2716 facile
934 2641 1069 2718 intelli-

106 2777 222 2861 gatur.

179 2880 319 2954 Verum
346 2884 445 2954 enim
465 2907 551 2964 vero
578 2896 782 2986 autequam,
799 2881 897 2956 huic¹
914 2883 1067 2956 sectioni

105 3003 218 3077 finem
249 2995 520 3103 imponamus,
536 3030 697 3104 quonam
730 2977 906 3102 nomine,
945 3004 1068 3104 lepra,

104 3149 151 3197 an
191 3121 450 3224 elephantiasi,
490 3128 609 3226 aptius
646 3125 861 3224 insigniatur
893 3123 1067 3223 morbus,

103 3241 263 3319 breviter
300 3242 500 3343 disquirere
535 3271 557 3318 a
588 3271 628 3318 re
660 3271 739 3319 non
772 3245 932 3318 alienum
965 3245 1068 3321 vide-

104 3356 174 3439 tur.
198 3350 383 3462 Morbum,
403 3365 548 3464 qualem
568 3393 644 3440 sese
667 3369 707 3440 iu
727 3365 921 3467 peninsula
942 3381 1069 3454 nostra

103 3483 289 3574 exhibeat,
320 3485 350 3557 si
381 3488 611 3590 matur-uerit,
638 3485 686 3559 ad
710 3511 878 3587 squamas
905 3480 1066 3562 forman·

105 3604 169 3678 das
191 3605 338 3678 tendere
344 3660 356 3704 ,
373 3631 480 3706 supra
498 3606 620 3680 multis
641 3620 697 3711 est
719 3623 1066 3706 commoneo-atum,

105 3723 145 3796 id
173 3749 250 3798 uon
278 3751 381 3800 secus
412 3725 576 3801 obtinere
605 3725 686 3802 aliis
714 3729 755 3802 in
784 3743 899 3804 terrae
921 3727 1067 3831 plagis,
