2626 4470
955 255 1049 332 -109

126 345 202 436 Quo
227 345 363 420 felicius
388 344 510 445 itaque
543 369 599 418 res
630 346 746 448 possit
778 346 921 450 medico
947 354 1074 424 susee-
1133 381 1137 389 ·

123 465 224 563 dere,
249 481 480 539 contumaces
506 466 756 566 medelamque
790 457 999 543 recusantes
1025 470 1073 543 ad

123 583 329 685 obsequium
355 584 508 682 eogendi
538 598 716 684 potestate
747 585 902 658 donatus
928 589 966 659 in
991 608 1077 688 pro·

119 706 232 786 uncia
259 706 360 804 quasi
387 703 599 804 disciplinae
623 704 789 805 publicae
815 709 974 804 magistri
996 733 1075 782 mu·

81 857 85 866 ·
120 849 183 896 nus
208 837 432 924 exsequatur.
457 825 594 898 Verum
613 827 724 897 enim
755 851 841 900 vero
875 826 1073 900 domestica

121 943 206 1018 haee
232 970 317 1017 cura
342 944 472 1034 modo,
499 946 528 1016 si
553 942 670 1042 lepra,
685 943 782 1019 'levis
808 945 945 1044 adhuc,
971 971 1074 1046 supe·
1166 929 1167 934 ἵ

121 1069 234 1136 riores·
266 1063 430 1138 nondum
467 1067 513 1136 sit
551 1063 680 1160 gradus
715 1079 899 1164 assecuta,
935 1064 1073 1165 aliquid

122 1185 282 1256 conferre
306 1183 471 1281 videtur,
504 1207 589 1254 nam
615 1183 677 1256 ubi
692 1184 900 1258 adoleverit
923 1185 1073 1274 eadem,

120 1302 380 1376 diuturniorem
395 1301 678 1405 medicaminum
693 1330 799 1377 usum
814 1305 1074 1381 sollicitiorem·

121 1449 187 1522 que
221 1422 387 1496 omnium
426 1425 638 1495 nocentium
676 1425 911 1496 evitationem
942 1428 1073 1524 exigit,

119 1565 226 1640 quam
253 1567 343 1641 quae
366 1540 411 1611 ab
428 1540 638 1614 bominibus
654 1541 785 1638 indigis
802 1567 981 1642 prataque
998 1545 1077 1643 opi·

118 1664 225 1748 nione
253 1663 370 1762 captis
389 1662 530 1759 possint
550 1667 641 1760 juste
658 1662 871 1760 assidueque
885 1665 1077 1734 continua-

118 1784 157 1852 ri.
182 1782 314 1871 Quum«
329 1795 510 1879 praeterea
527 1780 676 1853 morbus
688 1768 919 1878 'contagiosus
936 1784 1005 1882 sit,
1017 1797 1075 1879 et,

117 1903 237 1997 prouti
262 1903 339 1998 ipse
364 1914 617 1998 aggravescat,
645 1903 699 1974 ita
727 1903 974 1998 contagiosam
998 1902 1075 1975 vim

118 2023 340 2110 increscere,
378 2022 455 2092 veri
495 2005 695 2096 admodum
732 2020 848 2094 simile
889 2020 1050 2095 videatur
1062 2077 1076 2110 ,

119 2155 299 2238 aegrotus,
325 2143 535 2238 praesertim
557 2141 622 2212 ‘ubi
647 2143 897 2216 inveteraverit
915 2141 1072 2232 malum,

17 2323 20 2334 ,
82 2259 204 2333 ‘alios
229 2259 381 2357 multos,
407 2285 560 2357 quorum
586 2257 1108 2358 quotidiana,consuetudine¹
1156 2270 1159 2286 ’

116 2394 261 2476 utatur,
285 2372 473 2477 inquinet,
506 2387 651 2452 neeesse
685 2394 748 2454 est.
774 2379 832 2452 Ad
864 2380 953 2466 haec
985 2405 1073 2454 vero

114 2498 274 2597 pericula
299 2485 493 2572 avertenda
524 2502 735 2574 nosocomia
765 2502 905 2597 egregie
935 2500 1078 2574 condus·

116 2633 223 2716 cunt,
242 2618 380 2716 “quibus
405 2619 576 2690 nimirum
602 2619 771 2715 efficitur,
795 2633 837 2690 ut
854 2621 1007 2716 aegroti,
1026 2619 1078 2691 ab
1128 2631 1129 2634 ’

113 2735 304 2811 hominum
330 2739 533 2836 frequentia
557 2737 709 2835 seclusi,
747 2761 823 2810 non
855 2737 973 2811 solum
996 2761 1073 2810 non

114 2856 286 2930 morbum
310 2855 417 2945 latius
442 2869 658 2954 propagent,
682 2858 955 2952 verumetiam,
980 2857 1073 2931 viro·

114 2999 195 3047 rum
220 2977 422 3074 peritorum
445 2977 633 3072 auspiciis,
659 2977 904 3048 *necessariam
933 2970 1074 3074 possint

116 3117 241 3166 euram
264 3092 519 3192 medelamque·
541 3077 712 3192 acciperes
730 3093 950 3174 Nosoeomia
968 3115 1076 3180 vero,

115 3213 145 3283 si
178 3210 341 3284 debitam
374 3212 567 3284 utilitatem
599 3213 776 3310 afferant,
804 3213 906 3312 plura
941 3211 1077 3284 exstmi

117 3328 270 3428 debent,
295 3343 350 3404 tot
375 3330 536 3432 adeoque
563 3330 701 3431 ampla,
726 3346 768 3404 ut
792 3356 917 3405 omues
942 3329 1078 3430 leprosi

115 3449 153 3520 in
179 3475 223 3522 ea
247 3450 389 3523 admitti
422 3449 584 3551 possint,
621 3467 657 3523 et
689 3464 765 3524 tam
800 3452 893 3525 bene
928 3451 1075 3522 institu-

115 3581 176 3658 ta,
202 3582 245 3642 ut
269 3567 314 3640 ab
339 3570 427 3668 ipsis
460 3574 617 3668 aegrotis.
638 3594 713 3641 non
742 3584 783 3642 ut
807 3572 917 3670 pestis
944 3567 1081 3642 domus.

119 3711 353 3792 carceresque·
387 3687 618 3790 judicentur,
657 3715 784 3768 verum
825 3703 868 3762 ut
910 3684 1078 3760 benefica
