2626 4470
229 207 300 268 '11²

203 314 340 412 dicam,
366 336 425 386 eas
450 309 600 412 experiri
626 321 834 388 constanter
849 330 1007 415 recusat,
1032 317 1156 391 omnia

203 436 272 508 ista
296 445 457 521 mutare,
484 418 715 504 difficillimus
745 457 832 506 sane
855 427 1081 537 maximeque
1106 464 1160 511 ar·

207 555 301 627 dnus
326 549 429 625 labor
461 552 538 623 erit
562 548 725 622 Postulet
750 553 901 628 forsitan
929 581 950 628 a
975 581 1035 630 ure
1065 559 1160 656 quis·

205 674 325 772 piam,
357 685 400 743 ut
430 671 526 746 viam
552 683 660 770 atquc
696 673 898 772 rationem,
932 701 1002 774 qua
1033 702 1160 751 omncs

204 792 259 865 illi
283 817 443 889 errores,
476 791 537 890 qui
570 789 629 864 vel
659 792 698 888 in
730 791 866 891 modo,
891 819 964 892 quo
992 811 1160 894 quaestus

205 925 378 1010 agantur,
400 910 459 986 vel
483 911 523 983 in
548 909 747 1007 alimentis,
779 911 838 985 vel
867 913 906 986 in
940 905 1042 986 cutis
1056 940 1161 1004 mun-

205 1032 293 1106 ditie
318 1032 607 1127 committantur,
630 1030 682 1102 ita
706 1032 781 1103 sint
796 1032 1013 1129 corrigendi,
1040 1047 1084 1106 ut
1107 1059 1161 1106 sa·

205 1153 312 1224 nitati
336 1152 455 1222 minus
487 1163 663 1246 noceant,
700 1147 848 1223 uberius
879 1150 1078 1250 explicem,
1108 1154 1161 1226 ita

205 1297 291 1345 vero
317 1295 382 1369 per
406 1284 523 1369 partes
548 1271 599 1342 irc
624 1267 729 1366 longe
746 1283 852 1368 ‚extra
878 1271 1043 1369 opusculi
1068 1273 1162 1345 fines

206 1396 309 1492 jacet.
327 1390 558 1488 Quapropter
574 1413 701 1488 pauca,
721 1413 812 1487 quae
828 1387 897 1462 hac
914 1389 960 1462 de
976 1415 1014 1462 re
1035 1389 1165 1464 dicen·

206 1509 260 1600 da
272 1507 422 1581 habeam
431 1562 441 1605 ,
467 1507 568 1579 hisce
585 1508 658 1579 sere
675 1509 921 1581 eontinentur.
935 1508 993 1581 Ad
1008 1508 1164 1584 molesta

206 1627 320 1729 plebis
346 1628 489 1725 negotia
518 1645 736 1726 pravamque
761 1627 878 1702 rictus
904 1629 1083 1702 rationem
1110 1629 1163 1701 ita

205 1747 394 1845 mutanda,
419 1759 461 1820 ut
491 1749 611 1820 miuus
643 1747 773 1821 nociva
802 1745 1011 1844 reddantur,
1037 1773 1058 1819 a
1089 1748 1163 1822 Re·

202 1874 264 1968 gio
284 1869 458 1942 Societute
470 1893 539 1968 pro
555 1868 758 1964 Norvegiae
778 1866 903 1942 Salute
928 1867 1045 1940 multa
1066 1865 1168 1942 bene

205 1987 427 2088 instituenda
452 2011 594 2086 sperare
620 1985 816 2084 debemus,
843 2000 951 2084 etque
977 2011 998 2057 a
1023 1985 1160 2062 doctis-

205 2109 297 2182 simo
313 2120 487 2204 nostrate,
504 2106 734 2179 celeberrima
751 2119 825 2178 tam
842 2105 940 2206 apud
956 2131 1033 2206 nos,
1049 2132 1161 2206 want

173 2249 181 2255 ·
204 2227 303 2327 apud
318 2241 456 2301 exteros
475 2227 569 2298 fama
584 2225 750 2326 florenti,
762 2227 824 2326 qui
840 2249 965 2298 omnes
981 2226 1056 2308 fere
1067 2226 1162 2301 Nor·

204 2349 325 2446 regiae
350 2361 474 2446 portus
499 2361 535 2419 et
559 2349 781 2446 piscatorum
797 2343 930 2440 cubilia
947 2346 1106 2428 visitavit
1125 2361 1162 2420 et

206 2467 251 2540 de
277 2467 466 2564 remediis,
503 2466 632 2566 quibus
665 2465 857 2564 piscatoria
889 2490 945 2536 res
977 2464 1162 2539 emendari

202 2599 335 2684 possit,
361 2585 518 2658 multum
543 2597 598 2656 est
622 2582 842 2682 meditatus,
875 2582 920 2655 de
947 2584 1080 2683 aptiori
1105 2611 1162 2658 sa·

204 2705 342 2804 lutique
376 2705 497 2776 minus
535 2705 668 2790 nocivo
702 2705 858 2804 piscium
893 2701 1161 2802 captandorum

203 2823 314 2896 modo
340 2824 478 2920 egregia
504 2819 873 2920 consiliaenspectare
890 2847 1097 2922 possumus,
1113 2825 1167 2921 si,

204 2967 295 3042 quae
320 2966 340 3012 e
365 2942 539 3016 ditissima
560 2941 778 3041 experientia
800 2941 856 3015 vir
876 2939 1168 3015 modestissimus

42 3039 45 3048 Δ
76 3149 81 3162 ⁶
204 3061 349 3150 didicit,
378 3061 452 3136 luci
488 3063 739 3134 committeret
772 3059 831 3134 Ad
866 3059 1036 3134 morbum
1072 3086 1159 3134 vero

205 3180 406 3255 tollendum
429 3183 510 3281 ipsa
531 3183 642 3254 etiam
669 3194 797 3252 natura
827 3192 957 3280 sponte
990 3178 1163 3253 nonnihii

205 3301 369 3374 conferre
392 3301 555 3398 ridetur,
578 3323 682 3398 nam,
706 3285 818 3399 sylris
847 3297 1004 3400 subinde
1034 3298 1162 3373 deere-

156 3443 159 3452 ‘
204 3420 402 3516 arentibus,
428 3447 594 3520 agrorum
616 3420 795 3494 culturam
817 3418 964 3492 demum
992 3415 1166 3496 floresce-

205 3562 244 3610 re
274 3537 477 3638 multosque
510 3566 531 3612 a
562 3538 716 3613 molesta
752 3539 952 3639 piscatione
987 3533 1162 3639 aliisque,

207 3655 326 3757 qualia
357 3683 454 3736 nunc
486 3660 741 3762 perficiantur,
774 3659 919 3756 sanitati
949 3659 1169 3760 perniciosis
