2626 4470
266 232 290 302 8

213 257 265 426 iti
286 362 443 447 mutata,
467 362 510 422 ut
534 346 662 436 latens
675 343 742 420 sub
768 346 888 420 uiuere
910 347 1067 422 suintilla
1081 349 1177 424 :sub-

215 471 302 566 inde
331 485 369 544 et
393 472 538 569 penitus
560 470 824 566 exstinguatur,
841 468 987 566 egregie
1013 469 1184 569 intelligi.

169 677 173 686 ι
217 593 480 690 tur-*Verum
489 589 679 663 historiam
695 587 947 688 pervolventes
962 591 1189 689 invenimusr

214 714 369 786 eandem
394 713 502 785 luisse
529 712 630 785 omni
655 711 834 786 memoria
854 711 900 784 de
923 711 1020 812 lepra
1044 726 1083 785 et
1105 712 1178 787 ele·

214 834 395 937 phautiasi
412 834 639 907 sententiam.
652 833 801 906 Veteres
817 833 960 906 etenim
984 834 1122 933 pariter
1138 859 1184 932 ac·
1289 845 1292 850 '

214 955 414 1029 hodiernos
438 955 873 1052 medicos-contagiosum
904 959 980 1054 ejus
1009 968 1180 1032 naturam

213 1074 321 1176 plane
346 1099 555 1175 persuasam
580 1074 739 1174 babere,
769 1073 923 1148 sollicita
957 1099 1041 1148 cura
1074 1073 1179 1148 lucu·

214 1195 334 1268 lenter
355 1195 504 1297 probat,
530 1221 641 1296 quam
658 1177 683 1268 'a
706 1197 823 1270 Moris
846 1195 934 1268 inde
955 1197 1181 1295 temporibus
1310 1257 1311 1264 ,

213 1316 255 1388 iu
283 1318 438 1413 aegrotis
465 1342 486 1388 a
512 1317 608 1389 sanis
641 1313 868 1414 segregandis
898 1317 1112 1414 posuerint,
1143 1331 1181 1389 et

158 1466 161 1470 ·
215 1462 308 1536 quae
329 1438 373 1508 ex
396 1438 460 1534 iis,
485 1462 577 1538 quae
599 1437 978 1535 posteriorisectione
996 1457 1182 1537 exponen·¹

216 1571 298 1654 tur,
316 1557 478 1629 uberius
509 1555 673 1656 patebit3
704 1555 904 1656 iisdemque
935 1558 1191 1656 suspicionem

210 1702 287 1750 esse
305 1676 576 1749 'lieereditariae
609 1675 767 1773 indolis,
790 1675 976 1770 Arabum,
1000 1675 1183 1750 Arabiate-

218 1823 300 1871 rum
335 1797 632 1897 reliquorumque
664 1796 777 1870 medii
799 1811 839 1870 et
863 1799 1084 1872 recentioris·
1100 1797 1182 1874 aevi

179 1959 184 1970 ·
215 1934 408 1992 auctorum
433 1919 539 1992 effata
563 1920 650 1990 satis
682 1932 979 1993 commonstrant.

298 2041 356 2112 Ex
395 2039 564 2112 omnibus
600 2064 709 2138 vero,
741 2061 836 2140 quae
876 2023 931 2112 de⁴
961 2040 1095 2114 oensis·
1114 2038 1187 2114 lia*-

216 2175 342 2234 ctenus
381 2159 567 2232 attulimus
579 2213 590 2258 ‚
620 2185 784 2265 summa·
797 2185 942 2260 quoque
982 2160 1187 2234 earundem

214 2279 418 2354 similitudo
438 2279 620 2352 elucescit.
634 2277 809 2352 Videmus
828 2283 985 2378 etenim7.
999 2283 1180 2382 perspira-

213 2402 354 2474 tionem
378 2401 472 2472 eutis
497 2397 730 2498 impeditam,
755 2405 911 2500 pravum
935 2401 1093 2500 victum,
1118 2426 1182 2488 ne·

213 2518 369 2618 glectem
394 2522 486 2593 cutis
511 2545 669 2618 euram‚·¹
682 2544 755 2592 nee
774 2544 854 2594 non
879 2521 1184 2620 propagationem

214 2667 280 2741 per
308 2656 519 2714 contactum
550 2655 587 2714 et
614 2642 855 2739 generationis
882 2655 1005 2714 aetum
1040 2643 1182 2740 praeei-

213 2784 406 2862 puasesse
432 2786 579 2860 causas,
608 2786 701 2861 quae
716 2774 897 2837 ‘nostrum
920 2760 1091 2834 morbum
1106 2787 1181 2864 apa·

214 2884 303 2956 riter
338 2907 382 2954 ac
420 2896 580 2984 veterem
617 2879 905 2980 hodiernamque
943 2867 1082 2980 lepram
1121 2881 1184 2956 vel

87 2991 91 3002 Δ
214 3002 479 3104 elephantiasin
503 3000 920 3104 progignere-alereque·
934 3001 1090 3076 valeant
1110 3001 1184 3075 Ve-

212 3150 296 3198 rum
326 3127 436 3198 etiam
469 3125 564 3197 inter
592 3136 839 3222 symptomata
867 3123 1035 3196 intimam
1065 3123 1183 3198 inter·
1295 3177 1299 3184 ·

215 3243 343 3318 cedere
373 3244 687 3342 convenientiamj
713 3268 757 3316 ex
787 3242 832 3316 iis
840 3283 857 3343 ²,
871 3255 972 3343 'quae
1000 3269 1112 3344 supra
1139 3269 1185 3318 ea

214 3364 260 3450 de
280 3392 337 3448 ‚re
375 3367 488 3440 sosius
511 3375 670 3470 ¹peraeta
700 3377 809 3462 sunt,
845 3367 1183 3465 egregieapperet.

211 3485 382 3558 Attamen
406 3485 549 3585 morbi,
584 3488 671 3586 qui,
704 3484 835 3556 iisdem
866 3484 1013 3559 oriundi
1038 3487 1183 3584 causis,

209 3596 368 3706 eupilem
393 3619 539 3684 servant
560 3589 757 3707 ,decursum
789 3603 992 3706 eademque
1016 3605 1184 3706 'phaeno-

212 3753 319 3802 mena
350 3727 569 3828 ostendunt,
599 3751 742 3802 summo
771 3732 858 3829 «jure
897 3705 1018 3802 eidein
1057 3705 1189 3826 generi
