2626 4470
268 230 316 300 8²
429 337 825 443 ¹SECTIO
896 339 987 444 11.

275 737 331 814 De
357 741 411 814 oia
436 749 545 838 atque
570 738 706 810 ratione
732 735 851 836 leprae
877 733 1163 816 eScandinoor'a

393 903 580 1006 pellendae
604 927 789 1004 novaeque
808 907 1038 1010 ,contagionis

585 1156 587 1162 ,
604 1070 822 1146 avertendae.

243 1815 492 1991 Causarum
519 1909 764 2008 cognitionem
787 1905 960 2008 princeps
980 1929 1061 1998 esse·
1076 1904 1202 1984 ,morbi

240 2031 427 2116 avertendi
453 2027 678 2129 tollendiqae
704 2028 893 2128 auxilium,
917 2027 1095 2129 ideoque,
1119 2055 1201 2131 per-

240 2155 371 2254 spectis
396 2152 518 2253 leprae
545 2152 678 2250 causis,
705 2148 904 2252 praesidia,
929 2174 1020 2250 qnae
1046 2149 1096 2223 ad
1121 2175 1202 2229 eam

239 2274 507 2373 exstirpandam
533 2275 573 2346 in
597 2268 788 2372 peninsula
810 2285 933 2343 nostra
955 2270 1121 2344 adhiberi
1144 2272 1202 2346 de·

238 2393 366 2482 beant,
388 2395 466 2465 sine
486 2417 619 2491 magno
642 2393 786 2489 negotio
803 2415 910 2491 posse
928 2391 1103 2490 inveniri,
1124 2416 1202 2467 non

240 2527 310 2610 est,
338 2512 437 2613 quod
461 2538 642 2611 negemus.
668 2509 806 2584 Verum
831 2525 873 2584 ut
890 2510 936 2584 de
954 2511 1201 2586 remediorum

241 2632 398 2707 efficacia
427 2637 595 2706 certiores
621 2634 699 2705 fieri
724 2632 921 2732 eademque
947 2646 1050 2707 tauto
1071 2634 1202 2731 maiori

240 2779 324 2826 cum
348 2752 438 2826 boni
463 2767 623 2828 eventus.
639 2775 702 2852 spe
727 2751 825 2852 apud
849 2776 917 2824 nos
942 2754 1096 2853 experiri
1120 2779 1216 2856 pos--

240 2875 367 2972 simus,
394 2899 438 2945 ex
463 2873 541 2972 ipsa
568 2871 716 2945 historia
751 2873 849 2946 viam
881 2886 988 2973 atque
1009 2875 1202 2978 rationem
1295 2911 1296 2916 ¹

239 3019 378 3093 eruere,
405 2995 477 3093 qun
502 2991 591 3066 aliae
616 3006 749 3090 terrae,
771 2991 903 3066 morbo
929 2991 1017 3066 olim
1042 3011 1202 3098 vexatae,

240 3115 315 3187 eius
340 3115 638 3215 propagationem
663 3111 888 3187 inhibuerint
905 3113 1078 3190 eodemne
1099 3142 1202 3216 pror·

240 3258 300 3304 sus
316 3232 486 3307 liberatae
501 3235 591 3335 siut,
608 3232 666 3309 vel
680 3229 754 3334 ‘qna
771 3259 790 3306 a
809 3234 901 3308 tristi
917 3236 1132 3334 contagione
1148 3239 1203 3310 in·

160 3429 164 3435 ¹
240 3362 356 3423 tactae
381 3351 647 3456 inviolataeque
673 3354 929 3454 remanserint,
962 3379 1037 3429 non
1070 3353 1203 3429 inutile

240 3495 357 3569 neque
383 3459 549 3574 ineptum
584 3500 781 3551 censemus.
814 3474 1032 3550 Perlnstrata
1064 3477 1200 3550 etenim

240 3592 420 3664 variarum
445 3594 541 3668 orbis
559 3595 745 3697 plagarum
762 3595 927 3696 historia,
944 3597 974 3668 si
991 3595 1098 3670 nobis
1119 3620 1200 3698 pro·

240 3709 325 3786 bare
352 3715 559 3816 contigerit,
584 3717 754 3792 morbum
778 3715 913 3821 ubique
938 3715 1068 3791 iisdem
1091 3715 1201 3794 bonis
