2628 4476
248 335 268 352 ¹.
1022 297 1067 372 ¹9

124 405 195 494 est,
221 389 542 468 acerbosartuum
563 385 708 466 dolores
728 391 906 492 mitigari,
932 391 1094 492 quando·

124 540 194 616 qus
220 515 367 616 penitus
394 537 552 611 cessare,
578 512 849 613 quamprimum
874 533 1007 614 corpus
1033 537 1093 584 ex-

123 650 270 710 ternum
284 633 446 708 affecerit
460 631 629 731 morbus3
647 645 869 734 quapropter
885 655 962 708 non
977 635 1093 733 inepti

123 771 211 832 sunt
222 810 234 856 ‚
269 757 334 857 qui
365 779 529 832 summae
555 754 649 830 cutis
674 752 905 830 affectionem
930 760 1093 831 criticam

122 879 377 980 pronuntiant.

198 998 377 1074 Videmus
401 1005 453 1076 ita
474 997 738 1101 aegritudinem
759 1023 835 1074 sese
857 997 975 1074 indies
998 998 1093 1073 evol-
1184 1073 1186 1080 ,

121 1134 272 1197 ventem
295 1136 337 1218 et
353 1123 487 1198 sensim
502 1123 709 1224 sensimque
730 1123 771 1196 in
791 1111 894 1222 peius
914 1135 1093 1196 ruentem.

120 1239 315 1319 Cernimus
340 1267 452 1344 porro
476 1242 663 1342 morbum,
689 1245 753 1344 qui
779 1241 957 1318 hactenus
993 1243 1093 1316 intus

121 1363 253 1463 latuit,
286 1379 329 1440 ut
355 1365 412 1438 -ita
445 1365 588 1463 dicam,
621 1363 804 1440 cancellos
834 1388 1002 1464 rumpere
1027 1387 1092 1461 pa·

120 1483 269 1586 lamque
294 1483 443 1587 prodire
467 1499 505 1559 et
531 1510 678 1586 aegrum
704 1487 806 1585 quasi
836 1507 1007 1580 mouere,
1032 1497 1092 1582 ut,

121 1604 213 1678 dum
240 1605 360 1680 adhuc
385 1622 529 1708 tempus
552 1609 617 1706 sit,
643 1603 856 1707 periculum
872 1603 1092 1704 intelligenti

120 1725 191 1800 sibi
225 1726 355 1802 melius
380 1728 598 1829 prospiciat.
633 1726 718 1821 Quo
752 1741 874 1800 autem
899 1724 1090 1826 neglecto,

119 1846 301 1950 paulatim
333 1848 413 1925 dira
445 1849 617 1924 increscit
645 1847 747 1924 labes
780 1859 995 1950 tantumque
1028 1846 1093 1921 de-

115 1996 227 2045 mum
259 1973 464 2073 assequitur
496 1969 701 2071 fastigium,
738 1985 781 2046 ut
815 1995 920 2073 saepe
958 1971 1091 2046 frustra

120 2092 244 2166 omnis
269 2089 486 2166 adhibeatur
499 2092 703 2174 medicina.

197 2213 502 2288 Consummatum
537 2211 695 2316 denique
738 2227 776 2289 et
816 2213 865 2288 ad
906 2237 1092 2289 summum
1159 2263 1161 2268 ,

118 2331 343 2436 perductum
368 2333 540 2412 morbum
563 2335 719 2436 passima
749 2333 915 2410 iudicant
945 2334 1092 2426 ulcera,
1172 2321 1175 2327 ¹

120 2477 215 2557 quae
228 2509 241 2554 7
272 2468 355 2529 cute
374 2449 539 2558 ¹aliisque
579 2453 752 2530 mollibus
790 2457 955 2557 partibus
990 2455 1121 2531 haud.

120 2575 280 2679 amplius
306 2589 495 2676 contenta,
524 2578 599 2652 iam
623 2578 741 2680 ipsam
766 2575 924 2680 denique
953 2570 1092 2658 osseam

120 2693 336 2800 compagem
361 2697 627 2798 aggrediuntur.
653 2696 860 2774 Humorum
880 2698 963 2775 labe
988 2699 1091 2774 nullo
1219 2715 1226 2724 ⁴

121 2819 287 2894 remedio
313 2835 493 2926 correcta,
519 2820 815 2920 foetidissimam,
833 2824 1090 2924 ,maximopere

123 2937 382 3016 corrodentem
406 2967 475 3042 pus
500 2942 634 3044 accipit
661 2940 849 3041 indolem3
882 2941 980 3016 unde
1015 2941 1091 3048 effi-

123 3063 238 3160 citur,
263 3073 306 3134 ut
330 3058 452 3136 ulcera
476 3044 758 3139 indies'maiora
782 3064 873 3138 fiant
897 3077 935 3138 et
960 3063 1090 3164 largio·
1121 3092 1125 3099 ·

121 3207 201 3270 rem
218 3180 376 3256 fundant
391 3182 528 3259 ichoris
543 3185 705 3286 copiam3
723 3163 926 3286 obortaque
942 3184 1091 3260 demum
1185 3279 1192 3293 „

121 3327 164 3376 ea
191 3304 376 3417 sanguinis
402 3293 640 3406 conditione7'
656 3331 765 3408 quarn
789 3305 1003 3382 dissolutam
1029 3335 1090 3410 pa-

121 3423 265 3524 thologi
289 3423 443 3525 dicunt,¹
468 3423 573 3502 ichor
606 3425 905 3528 sanguinolentus
933 3432 1089 3510 secerni·

124 3559 184 3620 tur
216 3544 440 3647 frustulaque
478 3571 651 3648 carnosa,
684 3548 862 3651 fungosa⁷
894 3550 1111 3655 spongiosa,

125 3691 168 3740 ex
192 3663 358 3746 ulcerum
383 3667 499 3744 fundo
515 3663 625 3778 ‚haud
651 3695 734 3746 raro
763 3669 909 3747 abeunt.
927 3659 978 3730 -ss
993 3673 1090 3748 Fau·

129 3789 224 3863 cium
256 3785 421 3866 ulcerosa
454 3791 597 3870 affectio
631 3790 679 3868 ad
712 3794 832 3878 vicina
865 3797 975 3870 enam
1007 3819 1104 3870 ossa*
