2612 4474
732 89 776 140 Α
835 37 844 48 .

219 267 291 318 m

195 362 368 440 morbum
403 365 617 464 proprium,
661 357 727 436 sed
764 359 922 438 aliorum
964 365 1169 440 multorum

192 483 407 558 morborum
449 495 660 584 symptoma
704 469 931 558 accidentale
977 487 1168 560 existimet.
1287 507 1288 544 i

194 605 323 704 Quod,
348 607 380 678 si
404 615 562 678 statuere
588 601 723 702 velles,
739 605 1012 705 requireretur,
1037 622 1082 680 ut
1107 609 1173 681 ni.

193 724 325 803 choma
340 750 418 801 non
442 723 563 799 solum
586 725 627 798 in
652 727 767 822 aegris
790 727 867 798 iam
892 741 977 804 ante
994 728 1170 804 morbum
1287 733 1288 788 i

192 845 361 922 febrilem
401 847 450 922 ad
473 845 611 949 plicam
651 845 875 948 dispositis,
891 848 957 924 scd
986 849 1100 922 etiam
1132 852 1171 924 in
1272 849 1288 930 J

77 1059 88 1082 χ
193 968 273 1043 aliis
305 983 411 1044 antea
443 965 553 1068 plane
591 967 695 1042 sanis
729 967 968 1074 evolveretur.
1000 969 1048 1043 ld
1079 995 1169 1046 vero

192 1091 426 1192 nequaquam
450 1089 631 1188 accidere,
655 1087 743 1162 inde
770 1087 954 1188 colligitur
970 1089 1074 1190 quod
1106 1092 1169 1166 tri·

193 1210 325 1286 choma
342 1212 383 1282 in
398 1207 479 1283 aliis
494 1208 706 1308 regionibus
720 1209 785 1282 ubi
806 1209 950 1300 incolae
967 1210 1017 1283 ad
1032 1211 1170 1310 plicam

192 1357 270 1427 non
296 1332 372 1406 sint
397 1329 581 1432 dispositi,
606 1329 710 1404 nullo
732 1337 777 1414 in
807 1329 941 1406 morbo
966 1331 1167 1408 evolvatur.

267 1453 457 1528 Praeterea
489 1451 585 1526 nihil
619 1451 850 1528 affecuonem
879 1477 1053 1528 vasorum
1085 1479 1169 1528 san·

193 1575 416 1676 guiserorum
439 1575 480 1648 in
499 1572 648 1674 plicosis
673 1575 1028 1674 magisconfirmat,
1053 1601 1166 1676 quam

192 1695 486 1794 haemorrhoides
509 1696 550 1768 in
573 1693 901 1795 plicosismaximc
918 1680 1168 1774 obrenientcs.

194 1817 433 1918 intelligimus
457 1843 545 1894 vero
563 1815 644 1892 ·hoc
669 1817 755 1893 loeo
780 1843 858 1896 non
882 1817 1003 1894 solum
1032 1819 1080 1892 de
1108 1821 1170 1894 ani
1287 1883 1288 1892 ,

193 1938 553 2038 haemorrhoidibus,
570 1937 637 2014 sed
653 1937 699 2014 de
715 1941 922 2040 systematis
937 1941 1067 2016 venosi
1084 1966 1171 2024 con·

195 2061 335 2138 ditione
359 2058 679 2134 haemorrhoidali.
705 2059 818 2150 Quod
843 2073 1025 2162 quantum
1041 2059 1084 2134 in
1104 2059 1173 2168 pli·

195 2183 290 2259 cosis
313 2181 509 2282 afficiatur,
536 2180 673 2256 docent
696 2181 837 2258 varices
861 2205 1040 2260 venarum
1072 2183 1169 2254 rani·

194 2329 341 2404 narum,
368 2302 649 2402 ,extremitatum
685 2302 901 2406 inferiorum
940 2317 982 2386 et,
1010 2304 1170 2377 maxime

194 2425 327 2524 fungus
352 2423 613 2502 haemathodes
643 2447 688 2498 ex
719 2423 988 2524 exulceratione
1020 2422 1169 2501 illarum

195 2544 380 2645 evolutus,
406 2543 541 2646 quibus
563 2543 809 2622 incommodis
834 2533 965 2646 plicosi
990 2556 1067 2618 tam
1094 2569 1167 2618 cre-

194 2666 263 2748 bro
289 2666 439 2746 obnoxii
464 2667 569 2742 fiunt
584 2661 812 2742 ,Cuiusmodi
821 2665 1045 2766 ..complures
1063 2675 1172 2740 casus
1287 2639 1288 2656 ἶ

195 2789 238 2868 in
259 2788 405 2864 Clinico
432 2784 645 2884 Chirurgico
671 2800 798 2866 nostro
823 2785 1023 2886 affuerunt,
1047 2801 1092 2860 ut
1106 2784 1168 2860 ille

193 2910 347 2986 infantis
372 2910 486 2982 trium
518 2919 717 3006 morum,
751 2907 828 3008 cui,
862 2923 1019 2985 ressecn
1051 2905 1184 3008 plica,

167 3077 171 3085 =
195 3029 296 3108 illico
321 3031 455 3129 fungus
478 3027 742 3104 haemathodes
768 3029 818 3104 ad
837 3055 967 3130 genam
985 3031 1169 3107 oimstram

196 3151 425 3253 exsurgebat,
450 3166 531 3228 tum
546 3150 636 3226 alter
653 3151 850 3252 agricolae,
867 3153 907 3226 in
930 3177 1006 3252 quo¹
1020 3153 1169 3226 rescissa

195 3273 294 3377 plica
318 3275 429 3347 eriam
455 3271 586 3370 fungus
611 3269 875 3350 haemathodes
899 3274 1014 3350 instar
1040 3273 1170 3373 eapitis

186 3394 385 3506 ,tunnulis
400 3395 444 3472 in
472 3417 646 3486 cancrum
678 3393 917 3496 degeneratus
949 3387 997 3468 ad
1031 3391 1169 3470 ol'ccra'·

197 3541 275 3592 non
301 3513 416 3590 cubiti
441 3512 558 3608 dextri
582 3508 745 3588 eminuit
770 3515 860 3618 Jarn'r
878 3539 966 3590 vero
992 3540 1108 3618 quum
1125 3537 1169 3586 ex

199 3637 307 3712 dictis
332 3649 521 3738 appareat,
540 3648 700 3740 systema
716 3661 894 3732 venosum
910 3637 950 3710 in
966 3633 1063 3736 plica
1080 3632 1169 3708 mul·
1287 3631 1288 3638 ’

175 3761 246 3870 ,ὼ
270 3757 365 3836 affici
393 3753 533 3855 modis,
563 3756 740 3832 miramur
773 3757 1074 3860 qoodgauotcres
1105 3752 1167 3855 qui
