2612 4474
950 301 962 351 1

91 395 232 473 medela.
265 397 417 474 Utinam
447 421 535 473 vero
566 417 683 498 pauca
719 391 808 472 licet
837 303 1051 498 113εοίΞά

91 520 176 594 serio
201 533 237 594 et
260 519 357 594 bona
378 518 566 595 voluntate
588 519 744 618 scripta,
770 519 963 594 conserant
987 518 1050 593 ali·

90 640 173 742 quid
193 640 312 717 admi
332 639 713 716 medicae'utilitatem
737 653 775 715 et
794 667 911 716 noum.
938 639 1049 717 Haud

93 761 195 836 dubie
219 765 368 838 suntin
393 764 439 840 iia
463 761 660 853 nonnulla,
687 789 780 865 quae
803 779 866 838 ant
886 764 1047 866 penitius

91 887 282 985 segregari,
308 897 385 958 'aut
423 882 551 960 melius
590 885 790 985 constitui,
824 898 893 959 ‘aut
931 886 1050 980 aerius
1160 885 1167 914 “

90 1007 281 1080 examinari
305 1005 448 1106 possint
459 1035 471 1103 3
497 1003 617 1107 quod,
643 1006 675 1080 si
701 1007 782 1108 quia
807 1005 920 1106 aliua,
951 1019 1051 1082 certe

90 1150 152 1224 ego
175 1127 353 1228 imprimis
377 1129 505 1202 sentio.
541 1128 662 1221 Quare
687 1153 776 1230 rogo
801 1128 899 1203 viros
924 1123 1048 1202 erudi-

90 1259 163 1347 tos,
194 1261 235 1322 ut
269 1251 617 1324 commentationem
642 1246 739 1322 hanc
764 1273 886 1324 meam
919 1247 1051 1326 acade-

90 1369 216 1442 micam
246 1371 299 1444 ita
314 1377 368 1445 'et
391 1369 514 1470 legant
537 1384 576 1446 et
599 1367 827 1469 diiudicent,
859 1381 901 1444 ut
934 1395 955 1446 a
988 1395 1049 1444 mo

90 1491 288 1593 conscripta
320 1505 358 1566 et
388 1515 517 1567 eornm
546 1491 698 1568 lectioni
728 1505 767 1568 et
799 1490 937 1566 indicio
962 1515 1051 1594 pro-

88 1611 200 1708 posita
231 1625 296 1687 eat.
329 1613 396 1688 Est
420 1637 507 1689 vero
540 1613 769 1715 consciipta‚
796 1637 874 1688 non
907 1609 956 1684 ad
981 1610 1050 1688 do·

88 1733 219 1806 ctrinae
259 1736 541 1812 ostentationem
576 1761 734 1835 vanam,
769 1759 889 1836 neque
926 1757 1049 1831 rerum

88 1854 337 1932 novandarum
358 1855 531 1958 cupidine
553 1855 651 1958 dira;
676 1854 807 1932 sedeo
827 1856 936 1929 unice
962 1879 1050 1930 oon·

87 1971 185 2074 silio,
217 1991 262 2051 nt
293 1979 379 2055 virio
412 1978 553 2079 doctis,
582 1979 715 2056 harum
740 2005 863 2054 rerum
895 1977 1047 2080 penitis,

87 2095 245 2170 studium
270 2123 394 2178 meum
424 2099 462 2174 et
490 2125 591 2176 meos
624 2083 767 2178 labores
779 2156 791 2202 ‚
823 2101 864 2174 in
896 2097 1050 2174 seientia
1153 2101 1156 2110 '

86 2216 223 2295 medica
250 2219 485 2296 addiscenda·
498 2215 728 2328 consumans,
748 2221 903 2302 honeste
918 2229 956 2298 et
979 2217 1050 2294 hu-

86 2359 188 2416 mane
213 2342 523 2431 commendarem.
