2628 4476
1049 233 1087 280 ιι

149 355 224 405 esse
248 331 295 404 iis
321 329 363 403 in
388 326 587 428 provinciis
608 327 764 402 marume
786 324 965 426 excultos,
989 351 1120 428 queee

149 453 294 550 piscatu
311 447 506 558 praecipue
522 447 665 546 vivent,
684 444 867 550 uerbaque
884 447 971 524 ideo
982 464 1118 548 nostra,

150 588 188 646 et
214 597 307 674 quae
333 567 466 646 exinde
491 571 566 642 sint
591 568 768 667 conflata,
793 571 954 669 primum
980 595 1058 646 esee
1079 577 1120 648 iu
1152 635 1158 648 .

150 693 346 798 Norvegia
370 687 589 800 oceidentali
626 692 827 791 excogitata
865 691 1120 795 formetaque,

151 815 212 890 vel
236 815 393 888 maxime
419 814 565 911 cognite
586 810 735 911 sultam,
756 815 832 890 veri
854 809 1055 890 admodum
1076 819 1121 892 si·

135 929 241 1012 'mile
279 934 434 1012 uidetur.
473 935 529 1010 lta
563 933 873 1034 comprehendere
908 961 1118 1038 possumus,
1161 1015 1167 1026 ,

151 1053 390 1134 occidentalia
414 1056 611 1156 Norvegiae
628 1055 768 1130 incolae
785 1055 1027 1158 appellatione
1043 1059 1120 1134 Ra·

152 1179 376 1256 αε-Ιίααά-ε.
393 1178 494 1254 Rao-
519 1179 620 1256 siuke
637 1177 683 1252 de
700 1178 831 1254 eodem
844 1178 1009 1280 maligno
1025 1207 1121 1257 mor-

151 1303 203 1382 to
230 1303 303 1399 uti,
329 1326 457 1402 quem,
483 1302 586 1376 omni
610 1303 786 1376 memoria
812 1301 865 1376 ibi
892 1303 1121 1404 frequentem

152 1425 304 1538 aliisque
329 1425 369 1498 in
393 1421 606 1524 peninsulae
632 1421 841 1523 regionibus
859 1423 1119 1525 Srrntnsnuuu,

152 1548 355 1621 Serranam
381 1545 605 1650 coeteriaque
630 1569 675 1618 ex
700 1542 828 1622 eadem
848 1548 1017 1646 prosapia
1039 1572 1122 1620 ena·

129 1672 200 1750 ,tis
232 1664 445 1742 nominibus
484 1665 688 1764 cognitum,
726 1668 756 1740 si
792 1670 1025 1766 maturuerit,
1062 1667 1122 1744 vel

49 1835 51 1840 ·
151 1792 314 1892 squamis
338 1789 428 1889 ipsis
454 1785 605 1888 prodire
627 1785 685 1862 vel
710 1787 930 1886 singularem
956 1814 1015 1862 eas
1050 1789 1122 1864 for

152 1911 281 1988 mandi
306 1911 428 1984 nisum
454 1907 644 1992 ostendere
669 1923 797 2010 postea
830 1907 976 1984 uberius
1011 1908 1121 1986 doee-

152 2023 284 2108 bimis.
311 2032 543 2125 Quumvero
560 2029 607 2104 ad
622 2029 793 2106 morhum
810 2031 1121 2131 compescendum

145 2179 296 2232 -amnma
321 2165 482 2256 potestas
507 2152 625 2254 pn‘ma
649 2151 703 2226 ibi
735 2151 927 2228 adhiberet
960 2151 1121 2228 efficacia

152 2276 334 2377 remedia,
345 2277 386 2350 in
402 2273 560 2376 publicio
577 2272 791 2352 tractatibus
807 2271 1026 2376 indiciisque
1042 2254 1121 2350 uue-

77 2387 87 2398 ’
152 2415 191 2474 ta
214 2399 278 2474 illa
303 2400 343 2474 in
369 2395 589 2474 occidentali
613 2396 792 2497 Noruegia
812 2395 984 2474 morbum
1001 2400 1123 2472 nomi·

137 2503 269 2596 'nands
294 2522 408 2619 ratio,
430 2517 581 2622 parvula
607 2533 752 2596 tantum
776 2518 964 2594 literarum
991 2521 1121 2594 immu-

153 2647 310 2742 tatione,
325 2644 366 2716 in
386 2640 540 2718 verbum
560 2642 754 2744 Radesyge
772 2643 936 2741 trauaiit3
957 2640 998 2715 id
1021 2631 1122 2743 qudd

152 2767 216 2842 vel·
233 2763 440 2868 euphoniae
457 2788 577 2857 causa,
593 2764 699 2866 quasi
714 2749 911 2865 dissyllaba
928 2763 1123 2840 voullade

154 2887 306 2963 auribus
337 2889 452 2989 magis
484 2885 678 2988 placuerit,
710 2906 828 2986 'quam
864 2883 1122 2986 monosyllaba

152 3011 250 3101 Rau,
276 3009 389 3086 Ruad
411 3034 437 3083 a.
463 3009 595 3100 Rarus,
619 3031 667 3082 ex
693 3031 820 3109 aspera
844 3006 1049 3110 dipthongo
1071 3033 1121 3080 aa

155 3131 330 3240 conflata,
355 3129 415 3206 vel
439 3130 566 3212 sedula
592 3128 811 3206 elocutionis
826 3128 992 3232 plebeiae
1008 3141 1146 3202 atter·

153 3256 275 3351 tione,
302 3255 388 3353 quia
413 3250 664 3354 diphthongus
686 3251 925 3328 aenedrauo
942 3252 996 3326 uti
1011 3248 1121 3324 binae
1171 3261 1177 3268 '
1267 3256 1271 3270 '

154 3372 317 3475 singulae
342 3373 510 3468 vocales„
526 3399 576 3450 se.
598 3399 685 3452 mox
705 3377 759 3449 uti
776 3400 855 3465 u·o,
868 3397 956 3450 mox
973 3374 1029 3445 uti
1044 3397 1125 3460 o-u,

153 3497 435 3597 pronuntiatur,
464 3497 633 3572 effectum
660 3521 738 3570 esse
770 3498 856 3570 satis
887 3497 1122 3598 perspicuum

153 3616 309 3693 videtur.
335 3617 391 3690 Ita
417 3642 494 3694 non
520 3617 640 3693 solinu
672 3616 889 3692 cultioribus.
920 3613 1125 3688 Scandiua·

156 3741 234 3816 viae
275 3738 515 3841 hominibus,
553 3739 617 3817 sed
654 3741 783 3816 exteris
822 3740 931 3812 etiam
971 3736 1128 3812 nomine·
