2626 4470
292 275 333 324 0,

239 276 291 444 e?
302 365 547 468 prophylaxin
570 362 797 453 adhibuisse,
825 365 899 442 veri
924 365 1127 442 admodum
1157 369 1202 440 si-

238 487 325 570 mile
351 489 504 564 videtur.
533 487 664 560 Omnia
691 497 812 560 eutem
837 485 970 562 haecce
1000 514 1088 592 nero
1121 488 1202 562 effe·

241 612 349 704 cinq
376 625 417 684 ut
451 609 583 710 leprosi
618 606 740 700 morbi
777 608 873 682 iuter
910 609 1094 684 Romanos
1130 587 1201 682 tam

237 730 338 808 lento
372 730 486 829 gradu
518 730 756 829 irrepserint,'
779 728 837 804 vel
873 728 1202 820 eo‘oonfirmatum

238 852 343 952 quod·
364 861 623 952 causae,.ques
646 875 773 926 eorum
789 852 955 926 introitui
974 853 1203 954 prohibendo

236 973 316 1072 ipsa
341 973 442 1071 quasi
459 987 595 1046 natura
617 973 860 1070 opposuisset,
880 998 956 1048 non
977 975 1079 1074 prius
1101 991 1203 1052 erant

238 1101 416 1190 semoteej
440 1119 550 1192 quam
574 1091 704 1166 eadem
730 1093 803 1165 fere
831 1095 995 1194 saevitis,
1023 1121 1095 1194 qua
1118 1097 1203 1171 alias

238 1212 333 1286 bene
357 1213 491 1287 multas
518 1229 606 1286 tune
633 1217 807 1314 temporis
829 1216 992 1312 cognitus
1010 1229 1125 1290 terras
1143 1218 1208 1292 diu·

237 1348 418 1433 vexasset,
442 1335 647 1408 Romanum
666 1336 783 1408 'otiam
811 1337 1007 1434 imperium
1040 1337 1121 1410 dira
1153 1337 1203 1412 lo·

238 1453 304 1528 bes
332 1457 510 1554 exagitare·
544 1456 714 1554 eoeperit.
747 1454 911 1554 Namque
943 1469 1027 1554 post
1058 1457 1203 1532 finitum
1232 1532 1237 1542 ,

237 1573 383 1652 bellum·
406 1577 588 1650 Punicum
625 1575 826 1652 secuudum
859 1575 1066 1676 adhucque·
1088 1579 1202 1677 magis

237 1711 321 1798 post
345 1689 561 1771 constitutos
586 1697 839 1796 imperatores,
864 1697 1043 1798 populum
1069 1700 1203 1796 Rome·

148 1803 150 1806 ⁵
240 1843 330 1892 uum
355 1817 538 1893 intestinis
564 1815 668 1890 hellis
701 1831 889 1916 tantopere
922 1833 1207 1918 conquassatum

240 1938 447 2038 civiumque
473 1951 511 2009 et
530 1941 793 2036 imperatorum
815 1937 1030 2012 libidinibus
1052 1921 1205 2042 aliisque

237 2056 383 2157 flagitiis
408 2060 500 2134 adeo
523 2059 671 2133 demum
684 2057 849 2132 sructum
865 2057 1049 2159 ridemus,
1067 2073 1129 2160 ut,
1145 2063 1205 2136 eui

236 2179 325 2256 olim
340 2193 395 2254 tot
411 2183 572 2279 gentium
587 2194 746 2280 potestas
764 2176 1043 2281 dominatusqne
1061 2176 1202 2280 fuisset,

236 2302 377 2399 oivitss,
403 2299 560 2374 subinde
582 2300 783 2374 aderitum
807 2325 1024 2400 properans,
1051 2301 1204 2376 tandem

238 2422 502 2496 dissolveretur.
533 2421 671 2494 Verum
704 2433 828 2494 tantae
859 2419 1026 2518 publicae
1060 2420 1205 2495 celemi-
1297 2459 1298 2466 κ

238 2543 323 2630 tati,
348 2563 414 2640 per
438 2567 477 2614 se
490 2540 610 2638 longis
627 2538 782 2638 morbis,
802 2542 963 2614 cuteueis
979 2545 1206 2641 praesertim,

237 2662 425 2761 gignendis
452 2674 488 2734 et
506 2660 784 2736 disseminandis
810 2661 965 2761 faventi,
993 2660 1115 2738 adhuc
1143 2688 1203 2736 ec-

238 2783 346 2873 eedit,
364 2782 464 2883 quod
485 2783 659 2871 Romani,
676 2780 950 2856 increbeseente
966 2807 1032 2882 per
1046 2782 1205 2856 eandem

238 2917 394 2978 aetutem
420 2929 504 2976 cum
531 2904 680 2978 Oriente
703 2904 942 3001 commercio,
965 2903 1222 3003 frequenb'ori'

236 3025 477 3123 validiorique
507 3022 711 3097 horrendae
743 3021 813 3097 luis
849 3025 1057 3122 contagioni
1089 3025 1205 3124 magis

238 3146 390 3245 expositi
417 3159 537 3234 erant,
554 3158 617 3232 ⁴et,
642 3143 806 3217 moribus
832 3143 879 3217 ed
901 3151 1080 3216 summam
1102 3145 1206 3218 deni·

237 3291 308 3366 que
333 3265 524 3338 mollitiem
549 3264 798 3368 luxuriemque
824 3263 951 3365 Iapsis,
976 3265 1206 3339 incredibilis

240 3383 353 3456 ferme
377 3383 591 3458 hebreorum
608 3382 903 3481 thermarumque
924 3381 1056 3458 abusus
1077 3383 1205 3484 ibique

238 3525 410 3574 senorum
436 3502 627 3576 hominum
653 3526 737 3578 cum
754 3503 899 3574 infectis
920 3504 1033 3600 aegris
1056 3505 1206 3577 incauta

239 3601 464 3716 consuetudo
491 3615 544 3702 ed*
563 3616 701 3724 lepram
728 3637 765 3696 et
789 3601 1074 3722 elephantiasin,
1093 3627 1205 3698 sicuti

238 3743 329 3816 alios
355 3746 583 3842 contagiosos
615 3745 762 3818 morbos
789 3741 938 3818 ulterius
963 3747 1206 3846 spargendos,

233 3864 315 3934 sine
342 3861 457 3937 dubio
483 3861 640 3936 multum
668 3861 910 3936 contulerunt
