2626 4470
202 207 274 288 156

172 340 402 433 compertum
426 321 563 404 habere
595 347 672 426 non
697 349 903 429 possumus,
928 328 1147 433 therepiam·
1277 383 1281 387 ,

171 452 376 550 directam,
406 446 646 548 rationalem,
672 463 711 522 et
740 474 762 524 a
796 451 911 551 priori
936 465 1145 528 extructam
1182 491 1185 496 ·

168 572 298 650 haberi
329 595 407 650 non
438 594 556 672 posse.
571 643 575 651 ,
593 568 691 644 Cura
725 563 849 668 igitur
867 597 936 672 pro
973 571 1143 672 Pellagra

170 693 309 772 directa
340 691 529 793 hueusque
561 713 640 764 non
672 690 800 764 datur:
833 690 896 766 illa
928 694 1028 767 enim
1060 720 1142 770 non

168 817 243 892 nisi
273 817 314 890 in
344 813 418 888 illis
449 809 665 888 morborum
690 811 818 886 formis
851 811 978 890 locum
1001 811 1142 916 habet,

169 961 325 1040 quarum
350 958 480 1008 causae
505 933 839 1033 exacuminatus,
864 919 977 1008 etita
1002 938 1144 1012 consti-

165 1071 270 1134 ‘tutas
307 1068 393 1130 sunt
404 1109 416 1154 ,
435 1067 495 1128 ‘ut
531 1067 608 1128 arte
646 1055 832 1153 amoueri,
872 1069 936 1130 aut
971 1059 1140 1131 enervari

170 1190 316 1280 queant.
352 1179 573 1278 Propterea,
612 1171 731 1248 donee
766 1171 946 1272 ulterius,
982 1175 1142 1276 prosun-

169 1297 324 1399 diusque
355 1298 396 1370 in
430 1319 580 1393 causas,
612 1308 649 1367 et
678 1307 849 1368 naturam
874 1293 982 1395 hujus
1015 1319 1142 1394 aegro-

168 1417 273 1495 tandi
314 1417 466 1492 rationis
506 1427 697 1516 penetrare
740 1414 850 1490 fuerit
890 1435 1140 1516 eoncessum,

168 1538 360 1640 therapiae
385 1536 586 1614 indirectas
612 1534 787 1638 qnidam,
814 1549 939 1614 tamen
965 1537 1140 1614 rationali

169 1662 375 1763 aquiesoere
401 1657 588 1758 debemus.
832 1687 834 1692 ’

243 1781 368 1874 Quum
393 1779 505 1879 igitur
528 1803 640 1880 supra
668 1777 894 1855 adnotatuu-
913 1778 1005 1876 tuit,
1037 1805 1155 1856 mon.

165 1900 256 1976 bum
288 1903 328 1990 in
362 1900 485 1980 atonia
509 1897 726 2024 ventriculi,
743 1912 795 1972 ‘et
819 1899 1025 1999 systematis
1050 1901 1142 1980 assi-

165 2020 366 2124 milationis
392 2021 616 2120 consistere,
644 2013 718 2094 nee
739 2045 817 2094 non
841 2022 882 2094 in
904 2018 1142 2096 aberratione

165 2167 357 2253 prooemiis
388 2140 514 2218 vitalis
542 2139 685 2217 borum
703 2165 933 2240 organorum
964 2138 1140 2240 fundari,

167 2264 223 2348 ita
253 2275 295 2336 nt
319 2288 362 2336 ex
390 2261 479 2338 inde
503 2243 686 2362 produota
719 2263 889 2360 organica
917 2281 1144 2361 provenien
1148 2339 1154 2348 ,

166 2384 242 2490 tia,
278 2397 429 2460 normae
467 2386 591 2460 minos
629 2381 891 2484 respondentia
926 2396 1139 2482 emergent,

166 2529 224 2578 res
251 2502 423 2590 omnibus
456 2503 650 2580 manifesta
675 2529 753 2578 non
778 2521 957 2590 essenon
986 2516 1139 2603 potest,

165 2627 345 2726 optimam
377 2624 582 2727 therapium
614 2623 717 2703 illam
745 2623 824 2717 fore
836 2679 847 2722 ,
882 2646 1001 2724 quae,
1035 2623 1139 2725 quod
1250 2654 1258 2666 ·

166 2751 245 2848 ejus
278 2747 357 2820 fieri
387 2727 543 2848 potest,¹
563 2745 685 2822 morbi
718 2759 892 2844 naturae,
908 2745 1043 2818 'causis
1055 2801 1068 2846 ,
1099 2759 1140 2822 et

166 2865 354 2942 effectibus
379 2869 590 2968 prospicere
613 2865 719 2942 valet
855 2880 860 2885 “

242 2988 296 3062 Ut
324 2989 435 3089 igitur
470 2987 510 3062 hi
543 3005 671 3070 omnes
688 2983 938 3062 absolvantur
969 2987 1137 3084 numeri,

166 3109 376 3210 sequentes
390 3107 633 3184 indicationes
660 3120 768 3184 erunt
797 3103 1007 3208 explendae.

165 3229 210 3302 L
232 3227 372 3304 Causae
405 3243 499 3314 tarn
517 3227 689 3304 morbum
721 3239 986 3330 provocantes,
1024 3250 1135 3324 qaam

240 3347 346 3422 illum
371 3352 608 3450 sustinentes,
631 3359 880 3422 amoveantur.
1126 3367 1130 3374 ·

148 3461 218 3542 'lI
232 3465 476 3569 ventriculo,
507 3481 545 3543 et
570 3469 767 3570 systemati
790 3463 1048 3540 assimilatorio
1074 3464 1135 3538 de-

241 3587 343 3664 bitus
363 3585 574 3666 restituatur
591 3603 728 3688 tonus,
745 3601 783 3661 et
797 3611 988 3688 processus
1014 3585 1143 3676 ritalis

228 3735 264 3825 Υιι
290 3705 432 3790 tramite
449 3735 528 3792 sno
551 3643 747 3792 dmecteris
774 3707 993 3810 corrigatur,
1011 3705 1133 3782 aetoli
