2612 4474
944 235 1026 337 195·

83 345 189 434 nunna
213 357 340 434 saltem
372 383 439 459 per
471 353 743 437 hebdomadem
774 353 947 430 balnem
981 383 1079 432 ner

83 483 267 560 cessarium
290 495 364 582 est,
391 479 595 580 nitnoeet,
627 491 756 552 contra
785 503 873 553 vcro
897 477 1046 556 indurat

82 601 125 688 ad
158 603 343 680 serendam
382 626 638 703 qtrameunque
677 613 940 701 tempestatem.
960 602 1046 676 sed

80 724 233 826 exempla
258 723 351 799 mihi
376 749 521 825 quoquc
553 737 640 798 nota
673 735 760 796 sunt
793 737 1042 823 aegrotorum,
1172 756 1176 772 ·

81 861 247 922 consueto
270 872 373 920 more
397 871 418 918 c
444 847 641 946 vaporario
665 841 906 918 cinnabarino
931 846 971 918 in
992 847 1045 918 ni·
1066 877 1070 884 ·

80 990 156 1042 vem
180 982 243 1042 aut
266 967 420 1045 fluvium
443 967 681 1066 iniectorurn,
697 993 855 1068 qnorum
873 965 1044 1042 horrifica

80 1089 159 1167 inde
183 1115 283 1166 mors
308 1101 433 1166 secuta
459 1101 523 1164 cst.
848 1178 859 1191 ἱ

51 1213 54 1216 ’
147 1212 310 1314 Quisque
335 1212 611 1312 peregrinorum
643 1211 684 1283 in
716 1211 872 1312 imperio
904 1212 1044 1286 russico

79 1329 241 1408 habitans
279 1347 378 1408 certe
415 1333 664 1408 institutiones
695 1331 846 1433 politiae
878 1330 1044 1404 medicae

78 1451 178 1528 huius
203 1457 305 1554 regni
330 1456 489 1554 egregias
513 1453 758 1528 confitebitur.
774 1453 831 1526 Eo
852 1454 966 1551 magis
979 1455 1053 1550 igi-⁴

78 1587 132 1650 tur
154 1577 393 1678 sperandum,
418 1576 496 1652 sore
523 1590 565 1650 ut
580 1589 807 1650 exsecutores
825 1573 972 1648 illarum
989 1575 1044 1646 in·

77 1697 319 1796 stitutionem,
357 1699 551 1798 praecipue
591 1699 631 1770 in
669 1695 817 1796 oppidis
850 1710 890 1768 et
925 1697 1044 1796 pagis,
1147 1685 1150 1692 ’

77 1816 223 1894 salutem
264 1799 401 1898 civium
440 1819 654 1920 diligentius⁴
682 1831 849 1902 curantes
884 1819 1056 1891 maximax

76 1941 259 2016 severitate
284 1940 368 2020 illos
384 1940 604 2042 prohibeant
621 1940 770 2038 ebusus,
787 1938 920 2040 quibus
939 1952 1045 2039 quot·

77 2063 174 2137 anuis
198 2061 401 2140 multorum
424 2065 559 2140 civium
576 2063 710 2154 sanitas
730 2053 960 2161 infringitur,
981 2062 1044 2160 ita,

75 2193 114 2252 ut
136 2208 221 2256 suae
249 2186 401 2284 quisque
426 2182 522 2284 prob
547 2181 588 2256 in
616 2183 739 2284 plures
771 2195 903 2259 noceat
936 2207 1046 2281 gene-,-

76 2306 242 2386 rationes
504 2383 509 2390 ,
704 2386 710 2390 ,

135 2424 303 2502 Primum
328 2428 496 2526 oninium
520 2427 630 2528 igitur
655 2407 821 2528 petulans
837 2451 880 2501 ac
896 2421 1045 2528 publica

72 2543 111 2618 in
139 2545 301 2622 tabernis
336 2563 445 2650 atque
485 2550 640 2626 officinis
673 2549 844 2648 venditio*
871 2547 1045 2622 cinnaba-

72 2665 137 2767 n's‚
171 2667 439 2770 camelarios,
463 2669 691 2770 ‚hydrargyri
720 2668 838 2759 rubri,
873 2669 1043 2765 arsenici‚

73 2785 295 2890 aliorumque
321 2815 556 2891 nonnosum,
580 2791 675 2869 siout
701 2817 846 2891 quoque
866 2788 1044 2890 vegetabi-

73 2904 160 2984 lium
184 2911 418 2989 heroicorum
423 2968 436 3005 ,
461 2913 723 3012 crastinorum,
744 2915 969 2987 severissime
987 2914 1043 2985 in·

73 3029 286 3134 terdicatur3
302 3059 346 3110 ac
359 3035 543 3126 homines,
567 3034 669 3111 nullo
684 3035 839 3118 ,curandi
853 3033 1043 3134 privilegio
1127 3035 1133 3048 ‘

71 3155 239 3252 praediti,
265 3171 303 3231 et
326 3157 547 3234 medicinam
573 3173 794 3247 exercentes,
816 3159 974 3232 maxima
991 3181 1043 3230 se·

70 3282 219 3354 veritate
244 3262 455 3378 puniantur.

145 3401 217 3476 Sed
242 3401 353 3475 redeo
380 3401 427 3476 ad
451 3406 692 3504 propositum.
709 3403 843 3475 Lector
862 3399 1041 3478 benevole

71 3547 273 3598 sermonem
301 3524 401 3599 hune
428 3527 584 3634 accipiat
609 3505 859 3626 rogo7'quem
892 3523 961 3596 hac
995 3523 1041 3597 de

73 3648 414 3734 causa,atra1nite
443 3647 638 3750 digressus,
668 3644 778 3747 paulo
810 3646 952 3720 institui
986 3641 1042 3719 di-

72 3764 295 3861 ductorem,
329 3761 430 3874 qnod
462 3783 499 3846 et
535 3772 575 3844 in
609 3769 682 3882 illis
714 3767 943 3870 regionibns,
978 3763 1042 3842 uti
