2628 4476
168 399 172 406 ’
292 391 393 468 Inter
430 415 493 468 eos
505 445 518 491 ‚
555 391 618 494 qui
656 387 787 466 eodem
823 393 988 492 tempore
1011 381 1187 498 floruere,
1300 413 1301 424 ¹

218 513 381 592 Graecos
407 514 651 602 Romosonn
672 511 967 616 ‚elephantiaseos
988 513 1189 619 descripto·
1243 549 1248 555 ·

97 699 102 710 .
218 659 300 734 res,
333 659 412 712 non
444 635 613 710 infimum
642 631 768 728 locum
799 647 960 708 meretur
992 635 1164 716 Gaurus
1177 693 1191 737 ,

218 759 321 844 cuius
337 754 573 860 splendidum
588 755 726 853 ingenii
740 754 869 829 lumen
885 767 1080 858 vastosque
1097 757 1191 834 doc·
1301 771 1302 832 ἶ

217 879 334 963 trinae
361 891 555 980 apparatus
579 877 771 977 nunquam
796 874 966 952 desinent
989 901 1067 962 esse
1091 901 1192 960 sunr-

216 1025 277 1074 ma
300 989 550 1074 'admiratione
583 991 703 1098 digna.
737 996 810 1072 Hic
836 1005 959 1073 auteni
973 1000 1069 1099 sir,
1085 998 1192 1095 “huet

217 1117 446 1220 frequentem
471 1119 561 1194 facit
579 1116 702 1219 leprae
720 1130 758 1192 et
774 1116 1063 1219 elephantiaseoe
1087 1144 1193 1195 men·

216 1240 357 1314 tionem
383 1245 453 1334 (1),
476 1252 617 1337 tamen,
640 1235 755 1340 quum
772 1237 980 1324 doctrinam
1005 1239 1052 1316 de
1077 1241 1192 1340 signis

147 1359 150 1366 '
216 1359 436 1439 valetudinis
461 1359 637 1470 adversae·
658 1373 737 1439 nort
763 1361 1085 1468 tantaattentione
1111 1375 1190 1464 stu-

216 1479 351 1584 'dioque
377 1481 568 1583 dignatum
593 1481 704 1557 fuisse
721 1474 905 1581 videatur,
936 1495 1076 1583 quanto
1101 1509 1190 1560 coa·
1303 1567 1304 1574 .

217 1617 312 1696 teras
342 1605 428 1679 artis
461 1617 606 1706 partes,
639 1603 751 1684 etiam
786 1601 885 1702 apud
910 1627 996 1678 eum
1021 1617 1191 1679 exactam
1270 1651 1304 1688 ,κ

176 1739 178 1744 ·
218 1726 335 1798 nostri·
357 1721 477 1799 morbi
503 1725 545 1799 et‘
565 1719 714 1825 plenam
744 1719 1029 1832 delineationem
1053 1724 1192 1800 frustra

216 1869 375 1945 quaeres.
393 1846 568 1939 Quamvis
586 1843 632 1920 de
647 1842 749 1945 lepra
769 1858 806 1948 at
822 1843 1061 1947 elephantiasi
1087 1865 1192 1925 seor*

216 1990 298 2038 sum
323 1965 503 2090 loquitur,
528 1991 588 2040 eas
607 1980 730 2040 tamen
755 1990 776 2038 e
801 1965 998 2040 solidarum
1020 1961 1190 2069 'partium

217 2086 396 2184 figuraeve
421 2087 624 2160 mutatione
643 2083 729 2182 oriri
755 2083 803 2172 (a)
831 2083 1190 2190 melancholicasque

218 2231 294 2288 esse
320 2205 529 2282 affectiones
554 2206 601 2294 (3)
626 2219 749 2307 putat,
775 2205 820 2280 de
846 2205 1048 2308 iisdemque
1080 2207 1121 2304 in
1148 2207 1189 2294 li÷

217 2327 286 2402 bro
326 2360 342 2392 u
355 2325 400 2410 de
434 2317 640 2402 tumoribus
675 2339 818 2428 praeter
851 2341 1049 2424 naturam»
1089 2329 1190 2430 agit5
1305 2387 1306 2404 .

211 2843 251 2905 (ι)
268 2837 477 2894 Hrmooaarrret
488 2837 587 2892 Genaua
605 2853 687 2913 opera
705 2835 784 2890 adit
803 2835 896 2893 mata.
909 2836 1077 2896 Gauranos.
1089 2840 1182 2898 turea

140 2934 159 2999 t,
270 2929 352 2984 Paris.
371 2928 417 2982 sol.
436 2946 504 2982 max.
523 2945 559 2981 so.
579 2927 613 2982 de
629 2926 706 2998 prob.
724 2926 869 2998 pravisque
887 2925 1037 2981 alimentor.
1049 2945 1120 2983 aueo.
1133 2930 1182 2982 lrb.

270 3033 294 3070 e.
316 3017 353 3084 14.
372 3016 415 3071 vel
432 3015 465 3070 T.
483 3014 531 3070 Vl.
549 3001 750 3086 pqipa-De
768 3013 854 3066 morb.
876 3015 965 3066 oensis
988 3014 1082 3070 lib.'o.
1107 3034 1131 3088 7.
1155 3036 1183 3072 v.

271 3105 303 3159 T.
322 3105 382 3160 vll.
399 3122 426 3177 p.
444 3103 486 3158 25.
497 3130 532 3144 -
543 3103 583 3156 De
600 3109 769 3174 symptomat.
788 3103 875 3154 oensis
892 3101 940 3155 lib.
963 3102 996 3156 11.
1014 3121 1041 3174 p.
1058 3105 1091 3156 6.
1102 3121 1127 3160 v.
1148 3103 1183 3158 Τ.

272 3191 336 3248 vtt.
354 3189 383 3246 Ρ.
401 3193 443 3246 80.
454 3219 489 3233 ·-
500 3191 540 3244 De
557 3189 685 3248 tumorib.
706 3189 813 3262 praeter
836 3197 964 3245 naturum
982 3190 1029 3244 lib.
1051 3208 1075 3244 o.
1101 3191 1131 3246 1³
1153 3201 1184 3246 et

275 3282 314 3347 rt.
331 3263 356 3334 v}
374 3279 406 3333 T.
424 3279 487 3334 vn.
505 3297 532 3352 p.
551 3279 609 3336 320.
621 3279 706 3332 -De
718 3277 843 3332 medendi
860 3277 1054 3331 methodovlib.
1074 3278 1105 3332 tt.
1122 3296 1145 3332 c.
1158 3297 1184 3336 ι

269 3385 295 3423 v.
313 3367 344 3421 T.
362 3367 392 3422 X.
410 3385 436 3440 p.
459 3369 598 3438 29.-·1)e
616 3366 741 3420 medendi
752 3366 878 3420 methodo
896 3368 930 3420 ed
947 3367 1116 3422 Glaueouem
1133 3369 1184 3424 lib.

271 3453 306 3508 11.
324 3471 348 3506 o.
375 3470 412 3507 ια.
429 3471 455 3509 v.
473 3455 504 3507 T.
522 3453 551 3508 K
570 3471 596 3526 p.
614 3455 680 3528 390,
697 3451 875 3525 pluribusque
893 3454 921 3506 io
938 3452 1013 3508 loeis.

212 3547 251 3608 (a)
268 3541 310 3595 De
326 3539 441 3596 morbor.
460 3543 546 3595 nausis
575 3541 623 3598 tib.
640 3559 663 3595 e.
683 3559 707 3612 7.
724 3557 750 3595 v.
767 3540 799 3595 Τ.
817 3541 879 3595 vn.
897 3539 924 3612 p.
942 3541 984 3596 25.

132 3679 135 3686 .
213 3631 252 3700 (3)
270 3631 453 3700 Defltumorib.
471 3638 577 3700 praeter
602 3621 691 3690 natur.
707 3627 755 3684 tib.
773 3645 797 3680 o.
818 3630 847 3683 13
865 3637 893 3684 et
919 3629 948 3697 14
969 3645 996 3684 r.
1018 3627 1050 3684 T.
1072 3627 1131 3684 vlt.
1155 3647 1184 3701 p.

142 3739 144 3746 ·
252 3735 254 3740 ’
273 3721 331 3774 320.
343 3748 377 3770 *P
388 3721 427 3774 De'
444 3707 535 3790 probis
553 3711 706 3794 praiisquq
722 3717 871 3774 elimentur.
888 3718 975 3772 ruceio
991 3715 1038 3771 lib.
1057 3735 1080 3771 c.
1102 3719 1139 3785 14.
1158 3735 1184 3774 v.

272 3809 302 3862 Τ.
324 3809 371 3862 Vl.
389 3826 414 3879 p.
436 3809 496 3879 439.
874 3811 882 3828 ·
