2628 4476
450 368 611 446 CAPUT
636 371 683 448 11.

236 653 246 666 „
325 616 532 691 Causarum
563 618 797 714 comparatio.
869 639 873 647 ¹

154 977 334 1081 Expedita
360 978 434 1052 iam
461 989 569 1078 atque
602 974 850 1054 demonstrata
883 988 1048 1076 sympto-

89 1114 217 1174 matum
238 1099 501 1198 aimilitudine,
516 1097 629 1177 nobis
650 1097 771 1174 adhuc
786 1111 899 1172 restat
920 1123 1047 1178 causas

90 1223 258 1324 conferre3
284 1226 382 1298 inter
407 1245 496 1322 quas
518 1221 549 1296 si
570 1220 724 1322 probare
751 1219 1046 1299 convenientiam

89 1346 287 1447 contigerit,
313 1341 517 1434 decadem
542 1340 666 1416 indole
698 1343 913 1442 internaque
938 1353 1046 1416 natu·

87 1491 122 1540 ra
146 1466 243 1540 anila
266 1464 427 1567 amplius
452 1489 529 1538 esse
554 1488 659 1564 posse
685 1461 865 1538 dubitatio
891 1461 1045 1536 videtur.
1096 1479 1103 1490 ·

87 1587 212 1662 Omnes
233 1613 345 1687 vero,
371 1611 462 1688 quas
484 1583 594 1684 vulgo
620 1583 774 1658 afferunt
782 1639 793 1686 ‚
821 1607 962 1680 causas,
984 1584 1045 1656 rix

89 1731 171 1808 opus
202 1719 277 1802 est,
309 1719 359 1784 ut'
383 1733 657 1805 enumeremus3
684 1703 1044 1812 eas-tantummodo

89 1829 260 1906 indicasse
292 1829 470 1920 sufficiat,
501 1853 593 1930 quae
625 1829 666 1902 in
697 1825 888 1930 peninsula
921 1838 1045 1901 nostro

86 1955 270 2054 praecipue
295 1951 478 2052 vulgoque
497 1950 669 2052 morbum
690 1949 892 2050 producere
917 1961 1047 2047 putens
1121 1949 1124 1954 ’
1255 1930 1258 1940 ’

87 2085 148 2172 tur,
168 2075 360 2176 eidemque
383 2099 469 2148 cnm
490 2071 667 2148 similibus
688 2071 840 2148 abarum
857 2070 955 2146 orbis
971 2070 1045 2170 pla·

85 2217 200 2291 garum
222 2195 334 2276 malis
358 2195 432 2268 sint
457 2207 679 2268 communes.
712 2169 837 2294 Neque
870 2193 910 2268 in
934 2191 1046 2268 hisce

88 2318 195 2392 causis
233 2315 462 2418 exponendis
495 2313 602 2390 m'ulti
634 2316 791 2414 erimus3
824 2327 940 2390 totam
969 2329 1045 2390 ete·

87 2436 155 2510 nim
179 2465 214 2513 v.
247 2465 280 2512 c.
313 2436 575 2542 peninsulanae
608 2450 753 2512 nostrae
785 2435 902 2538 plebis
935 2461 1044 2512 oeco-

85 2560 237 2642 numiam
268 2559 341 2634 hoc
372 2558 456 2634 loco
486 2557 659 2660 prolixius
692 2558 922 2636 demontrans
955 2559 1047 2660 quid

85 2677 205 2755 iurati
242 2681 366 2774 Quam
398 2679 635 2782 popularibus
668 2679 809 2754 tradere
842 2695 936 2754 esset
966 2707 1048 2755 non,

85 2799 147 2874 nisi
170 2829 311 2894 rerum,
338 2829 430 2904 quae
456 2801 603 2877 aliunde
629 2802 722 2876 bene
750 2804 915 2901 cognitae
941 2815 1044 2901 sunt,
1075 2890 1080 2904 x

85 2921 279 2999 taediosam
311 2923 484 3026 praebere
516 2925 771 3025 repetitionem
783 2951 795 3024 3
828 2937 865 2998 et
904 2912 1044 2998 extero-
1105 3019 1110 3029 Δ

86 3065 159 3123 rum
184 3071 294 3120 cansa
321 3047 367 3120 de
392 3046 522 3120 eadem
539 3046 723 3143 disserere!
738 3048 920 3147 copiosius
946 3071 1056 3119 com--

85 3171 339 3242 mentationem
364 3183 527 3244 nostram
553 3170 596 3242 iis
622 3181 768 3270 augeret
798 3168 925 3267 rebus,
950 3194 1043 3269 quae
1056 3157 1076 3176 ⁸

86 3301 200 3364 nostro
228 3288 384 3364 consilio
410 3293 504 3364 scitu
529 3293 650 3366 minus
676 3305 762 3366 sunt
793 3289 910 3364 utiles.
942 3291 1043 3383 Quas

85 3429 162 3483 vero
170 3465 181 3509 ,
205 3412 345 3511 siquis
370 3411 432 3511 sit,
459 3414 523 3514 qui
550 3415 958 3512 penitiuscognoscere
984 3440 1045 3486 cu·

85 3527 156 3623 piat
167 3585 178 3630 ‚
211 3533 243 3606 is
276 3529 360 3604 illos
391 3531 498 3606 adeat
529 3546 719 3634 auctores,
743 3535 881 3636 *quibus
913 3536 1045 3635 penin-

85 3645 176 3722 aulae
218 3666 295 3725 tem
345 3654 456 3726 totius
476 3711 486 3742 ,
506 3715 521 3744 ‚
535 3679 645 3755 qnam
687 3658 863 3755 partium.
886 3655 1044 3756 singula·

87 3789 161 3844 mm
194 3772 380 3862 uberiores
413 3757 588 3851 debemus
623 3769 895 3879 descriptiones.
920 3774 1042 3856 vitata
