2628 4476
830 183 841 216 '
1045 191 1067 266 3

145 306 203 382 vel
227 303 459 382 tuberculum
480 310 643 382 nascitur
661 304 928 410 rubicundum,
946 334 1020 411 quo
1036 217 1120 412 rub·

146 427 464 526 to‚·ulousonlum
488 443 654 502 remanet
679 432 753 526 oris
778 428 917 529 rubris,
951 431 1119 533 dentatis

145 551 367 648 serpentinis
375 528 394 648 ,’
412 535 529 624 fundo
546 548 733 650 larcianae,
750 553 901 626 materia
919 550 1001 628 alba
1017 577 1120 630 com·
1196 581 1203 596 ·

81 737 88 746 .
145 683 258 770 pacta
283 670 449 770 obtecto,
472 672 602 744 crustis
625 686 749 746 autem
769 685 808 744 et
823 675 982 772 squamis
994 673 1118 750 nullis.

145 791 229 866 Nisi
254 793 421 891 miasma,
448 793 593 894 corpori
608 793 822 892 inhaerens,
837 795 913 868 iam
933 796 1120 895 extingua-

147 927 229 1010 tur,
262 895 396 988 sensim
430 907 636 1014 sensimque
668 916 851 1016 proserpit
878 914 1028 994 malum
1063 931 1121 994 to·

146 1049 304 1135 tumque
331 1032 479 1108 demum
505 1036 751 1134 organismum
776 1036 956 1136 inquinat.
980 1035 1119 1116 Verum

145 1155 260 1253 longe
299 1153 403 1228 aliter
440 1154 531 1230 haee
565 1181 623 1228 res
655 1179 732 1230 sese
769 1154 881 1242 hebet
917 1157 958 1230 in
991 1173 1118 1236 nostro
1231 1207 1234 1220 ·

146 1273 294 1376 morb07
307 1278 371 1376 qui
384 1278 483 1377 prius
502 1289 622 1350 totum
640 1275 1117 1380 aggrediturorganismum‚

147 1423 263 1498 quam
288 1399 469 1474 summam
495 1412 616 1474 cutem
648 1397 830 1499 deturpet·
862 1396 1004 1488 Quodsi
1035 1412 1118 1474 tan·

148 1519 238 1592 dem
263 1521 451 1618 evenerits
468 1517 570 1592 nullo
587 1520 844 1594 annunciante
876 1516 1020 1624 dolore,
1055 1545 1118 1596 va·

145 1642 226 1714 riae
252 1630 532 1717 efflorescentiae
559 1639 758 1741 tuberaque
782 1655 1001 1740 erumpunt,
1024 1667 1117 1744 quae

145 1763 275 1866 omnia
299 1763 339 1836 in
352 1760 485 1836 'ulcera
510 1774 722 1860 transeunt7'
744 1760 857 1839 labris
878 1761 965 1842 inde
988 1761 1033 1836 ab
1050 1765 1118 1838 ini·

146 1885 205 1958 tio
230 1881 463 1982 duriuscule,
489 1881 650 1980 callosis,
675 1880 814 1982 lividis,
838 1884 999 1984 squamis
1029 1899 1116 1964 eru]-

146 2005 287 2103 stisque
313 2001 552 2082 creberrimis.
570 2001 712 2076 Horum
727 2001 885 2104 ideoque
905 2001 1119 2084 morborum

146 2124 307 2210 decursu
321 2139 541 2224 externaque
559 2124 652 2197 facie
667 2124 828 2206 invicem
847 2123 1004 2224 collatis,
1025 2108 1118 2202 inibi

146 2245 269 2318 etiam·
285 2245 402 2318 errare
428 2231 627 2340 uidentur,
665 2246 728 2344 qui
766 2267 828 2318 eos
861 2267 937 2351 esse
969 2247 1034 2320 uni
1065 2249 1118 2332 ai-

147 2364 307 2465 demque
333 2355 456 2465 generi
481 2365 665 2466 subjectos
699 2378 842 2464 putant.
875 2363 1027 2466 Reliqua
1061 2391 1117 2441 ar·

147 2499 341 2586 gumenta‚
366 2513 459 2588 quae
478 2488 526 2560 ad
541 2493 647 2563 suam
663 2485 876 2586 opinionem
890 2484 1120 2587 probandam

144 2611 412 2682 Lrnorrncssou
430 2609 563 2706 attulit,
584 2608 755 2690 morbum
775 2633 824 2680 sc.
842 2608 881 2680 in
897 2608 1023 2682 Sveoia
1039 2633 1117 2682 nou

146 2729 257 2802 fuisse
285 2731 472 2827 cognitum
499 2743 583 2804 ante
615 2727 840 2830 syphilidem
871 2726 1118 2828 eandemque,
1218 2755 1219 2759 ¹

146 2859 262 2949 atque'
283 2848 399 2948 hanc,
425 2854 606 2953 requirere
632 2846 815 2922 medelam
841 2848 903 2945 (r),
929 2871 1018 2920 saue
1042 2872 1120 2947 non

146 2970 331 3044 eiusmodi
356 2985 459 3070 sunt‘,
485 2987 527 3052 ut
552 2965 813 3044 refutationem
838 2959 1052 3044 desiderent,

165 3072 167 3076 ¹
221 3091 406 3190 Expositis
432 3094 483 3167 ita
509 3093 748 3191 argumentis,
773 3115 866 3191 quae
882 3077 1030 3164 *malum
1044 3090 1119 3163 Ra·
1185 3147 1188 3154 .

145 3213 279 3312 deryge
293 3203 460 3310 ¹dietum,
495 3239 563 3288 neo
597 3239 665 3316 pro
700 3235 787 3290 vero
823 3209 1014 3310 morbum,
1049 3235 1116 3283 nec
1174 3308 1175 3311 Ἴ

345 3541 771 3566 uanum-mbu-

149 3717 194 3782 (ι)
210 3712 255 3772 sv.
274 3711 340 3769 tn
358 3711 452 3768 sann.
469 3711 550 3782 nna
567 3728 583 3767 α
600 3711 649 3768 ra
670 3728 680 3768 1
701 3697 758 3769 rire
775 3710 887 3772 soon.
908 3711 981 3781 rua
994 3729 1024 3784 p.
1049 3711 1103 3767 ηε.
