2628 4476
306 409 457 486 Initium
482 409 625 484 faciunt
651 405 797 484 febriles
822 422 968 508 motus,
998 437 1093 512 quos
1120 439 1207 492 cum

230 533 329 608 lenta
361 556 514 607 nervosa
546 531 670 632 febre,
696 530 1006 634 symptomatibus
1030 533 1212 612 rheuma·¹

231 651 592 766 tino-catarrhalibus
607 655 756 757 stipata,
770 654 833 729 le
849 679 1041 757 perperam
1058 682 1208 760 compa.

231 777 376 854 raveris.
391 775 584 852 Accedunt
599 778 683 852 dein
698 791 774 878 tam
786 787 943 851 'externo
963 777 1004 852 in
1027 802 1204 880 corpore,

234 927 345 1004 quam
368 902 408 974 in
434 900 602 976 faucibus
626 901 735 1003 ipsis,
759 883 881 976 variae
906 913 1082 976 cuteneae
1109 902 1220 981 efflo.

233 1021 453 1110 rescentiae¹
477 1022 678 1126 tuberaque
690 1077 702 1123 ,
738 1019 913 1122 singulari
954 1021 1121 1124 praedita
1159 1025 1208 1098 ad

232 1169 401 1246 squamas
422 1141 652 1240 formandas
695 1145 926 1248 pronitate,
949 1141 1072 1239 densis
1110 1147 1212 1245 rugis

215 1266 415 1368 ‚sulcisque
457 1265 652 1367 profundis
693 1265 866 1374 distincte
906 1265 1178 1368 tandemque
1167 1293 1213 1340 ιιι

233 1387 391 1490 maligna
412 1385 536 1463 ulcera
557 1384 738 1464 abeuntia
760 1385 938 1460 Afficitur
936 1387 1139 1492 densique
1130 1415 1206 1498 ipsa

235 1513 372 1587 ossium
402 1535 620 1611 compages,
654 1523 708 1609 et,
739 1507 1067 1584 accrescentibus
1056 1533 1207 1612 msuper

235 1632 423 1738 omnibus,
449 1657 543 1734 quae
568 1646 675 1706 antea
693 1629 830 1704 fuerint
838 1629 1207 1734 ,symptomatibus,
1299 1615 1300 1660 ¹

235 1754 379 1831 hectica
416 1754 528 1828 febris
570 1767 608 1828 et
644 1753 904 1831 evacuationes
949 1751 1207 1856 colliqnatirae

236 1879 406 1953 miseram
415 1879 548 1992 vitam
571 1875 823 1951 claudunt·

218 2005 222 2012 “
261 1997 406 2100 Satis
439 1997 536 2072 clare
567 1999 678 2098 igitur
711 2011 750 2072 et
774 1993 985 2070 admodum
1016 1975 1208 2120 perspicue

236 2106 407 2197 morbum
438 2117 608 2194 videmus
638 2144 706 2220 per
739 2123 823 2194 uta
836 2117 1034 2193 decurrere
1066 2089 1209 2217 stadia,

106 2319 110 2326 ,
238 2244 398 2318 invicem
430 2265 508 2316 non
541 2239 656 2341 gradu
689 2239 833 2340 solum,
864 2236 929 2313 sed
958 2239 1070 2339 signis
1100 2243 1212 2316 etiam

207 2389 380 2439 summe
414 2358 565 2440 diversa.
598 2361 780 2438 Inclinatn
806 2365 944 2438 etenim
956 2361 1090 2466 febre,
1116 2389 1212 2465 queo

236 2499 502 2585 antecesserat,
535 2485 644 2560 variis
684 2486 779 2559 cutis
819 2483 1076 2586 affectionibus
1123 2485 1212 2563 foris

236 2607 384 2709 prodit,
409 2631 503 2710 quae
528 2605 701 2708 singulari
725 2603 838 2682 modo
864 2607 1062 2705 finiuntur,
1077 2621 1145 2707 et,
1172 2609 1216 2681 nix

105 2723 109 2729 ⁴
237 2729 453 2832 tempestiva
479 2727 696 2802 adhibeatur
720 2726 928 2825 medicina,
961 2725 1096 2801 sensim
1128 2755 1213 2804 sen·

118 2829 149 2860 ”
239 2854 382 2954 simque
412 2863 602 2950 aegrotum
626 2848 814 2935 ,subruunt
846 2848 1066 2948 tandemque
1098 2852 1212 2926 morti

212 2977 304 3080 ⁴diu
335 2973 547 3077 expectatae
574 2969 730 3045 trudunt
742 2995 754 3070 3
788 2968 847 3048 vel
876 2969 1029 3072 paucis,
1051 2974 1215 3070 primunr

241 3096 386 3173 febriles
417 3105 563 3194 motus,
588 3108 668 3173 nem
691 3091 874 3195 peculiare
899 3087 1117 3194 exanthema
1144 3107 1215 3166 aro-⁵
1286 3099 1289 3104 ’

157 3213 158 3216 '
240 3219 412 3320 dolique,
438 3211 660 3318 catenaeipue
687 3215 835 3290 demum
859 3235 984 3316 osseae
1006 3212 1123 3322 ipsius
1151 3238 1213 3286 ca-

231 3344 336 3418 riosa
361 3338 572 3415 destructio.
605 3337 761 3412 Etiamsi
785 3360 874 3417 vero
907 3331 1067 3426 eundem
1091 3357 1217 3436 symp-

241 3475 433 3537 tomatum·
446 3461 640 3536 decursum
652 3513 664 3560 ,
691 3442 804 3561 tfueni
831 3459 872 3531 in
905 3454 1093 3556 febribus,
1124 3461 1217 3557 quas

208 3624 212 3632 ·
241 3581 555 3676 excntbemoticar
585 3572 747 3681 vocant,
780 3577 999 3680 detegimus,
1025 3573 1074 3650 ad
1087 3621 1091 3630 ·
1104 3575 1217 3651 hasce

242 3719 411 3780 nostrum
444 3702 616 3779 morbum
653 3702 837 3805 pertinere
873 3700 996 3776 minus
1034 3707 1119 3772 vere
1158 3696 1216 3771 di-

121 3899 124 3905 .
185 3843 189 3852 '
244 3851 424 3925 ceremus3
444 3827 557 3900 serius
578 3825 715 3900 etenim
730 3806 955 3930 maturescit,
977 3843 1088 3924 quem
1109 3839 1216 3940 posse
