2626 4470
232 239 298 287 110

148 385 151 388 -
199 311 354 430 refugia,
379 331 494 428 unde,
520 329 677 404 nefando
704 329 801 404 malo
818 329 980 429 devicto,
1002 337 1079 408 sani
1098 338 1182 422 ite-¹

135 449 140 456 ²
198 479 280 526 rum
305 453 378 524 suis
404 450 599 524 tradantur.
626 449 808 548 Imprimis
827 475 913 525 vero
938 452 1068 550 urbes,
1096 455 1162 529 ubi

201 572 360 646 studiosa
385 570 588 644 medicinae
624 574 791 669 juventus
827 595 904 644 sese
936 573 984 646 ad
1008 599 1162 674 munera

199 693 366 766 obeunda
390 705 601 792 praeparat,
634 693 687 764 uti
715 690 955 784 Chastiaru'u,
986 694 1163 792 Upsalia,

198 816 370 902 Holmia,
395 807 528 884 talibus
554 812 772 886 nosocomiis
792 812 989 888 instructae
1007 839 1082 884 esse
1101 814 1161 885 de·
1224 853 1229 862 ·

197 935 308 1031 bant,
333 947 373 1005 ut
398 933 569 1004 nimirum
594 937 742 1031 juvenes
767 931 922 1021 medici,
949 947 1160 1032 comparata

198 1059 293 1153 jam,
331 1065 526 1150 antequam
562 1052 631 1151 ipsi
667 1066 782 1124 artem
815 1076 980 1124 exercere
1012 1054 1160 1151 incepe-

197 1175 290 1268 rint,
306 1172 372 1244 suh
397 1172 546 1271 optimis
567 1157 746 1269 magistris
768 1171 888 1246 morbi
910 1174 1059 1270 notitia,¹
1080 1179 1163 1245 tan-

197 1307 236 1365 to
261 1293 441 1366 feliciores
465 1294 608 1392 possint
634 1293 675 1398 ei,
692 1291 871 1364 medelam
893 1291 1074 1366 adhibere.
1097 1293 1159 1364 Ob

197 1416 364 1486 innatum
390 1413 675 1486 medicaminum
702 1411 887 1485 fastidium
902 1410 1007 1510 plebs
1030 1439 1073 1485 ea
1099 1417 1163 1486 su·

197 1561 294 1608 mere
313 1525 460 1629 desinit,
477 1534 746 1631 quamprimum
763 1545 864 1606 extus
881 1531 934 1604 nil
950 1535 1166 1634 conspicere

198 1658 313 1756 possit
337 1677 458 1725 seseve
482 1650 605 1749 paullo
630 1650 787 1755 levatam
816 1665 941 1752 putet3
967 1679 1094 1728 verum
1118 1657 1164 1727 in

197 1777 297 1875 lepra
322 1787 444 1847 nostra
470 1771 732 1845 Scandinarica
764 1772 1048 1846 medicaminum
1073 1801 1165 1848 usus

110 1952 115 1964 .
188 1897 303 1994 ¹longe
335 1907 418 1994 post
449 1890 719 1968 continuandus
751 1906 805 1965 est
817 1943 828 1990 ,
864 1917 974 1993 quam
1010 1908 1160 1966 externa

197 2028 443 2114 symptomata
468 2013 699 2108 evanuerint,
723 2035 810 2085 nam
835 2011 895 2085 hic
921 2012 1162 2112 morbus,'si-

200 2137 274 2208 cuti
296 2135 359 2208 diu
380 2136 418 2206 in
436 2147 515 2211 toto
531 2134 734 2232 organismo
753 2130 947 2230 delitescit,
963 2148 1163 2232 antequam
1259 2221 1264 2230 Α

198 2271 385 2330 externum
411 2279 542 2354 corpus
567 2251 814 2326 desoedaverit
826 2308 837 2350 ,
868 2255 918 2325 ita
952 2256 1063 2328 ctiam
1089 2253 1166 2325 hoc
1185 2267 1216 2300 ·'

198 2378 314 2450 multo
339 2378 439 2476 prius
464 2373 669 2472 relinquere
691 2371 858 2470 videtur,
892 2397 1002 2472 quam
1032 2375 1168 2446 omnia.

198 2513 285 2570 sunt
308 2503 385 2596 ejus
408 2497 559 2569 seminia
593 2495 737 2594 penitus
771 2493 956 2565 exstincta.
982 2493 1025 2564 In
1051 2517 1168 2566 noso-

200 2620 325 2694 comiis
350 2641 437 2691 vero
461 2615 624 2688 medicus
649 2638 726 2687 non
742 2611 860 2687 solum
885 2611 1012 2686 melius
1038 2626 1165 2711 potest

198 2737 368 2810 medendi
389 2734 604 2810 methodum
619 2733 762 2831 singulo
778 2746 924 2829 aegroto
942 2745 1081 2830 aptare,
1101 2757 1164 2808 rev

154 2899 159 2907 ,
197 2885 279 2930 rum
304 2857 413 2930 etiam
437 2855 664 2956 prospicere,
696 2867 738 2926 ut
761 2852 922 2925 remedia
954 2853 1022 2923 rite
1047 2851 1160 2924 mini-

200 2991 357 3053 strentur
387 2989 534 3074 tamque
567 2972 630 3045 diu
670 2975 949 3057 continuentur,
983 2968 1161 3068 quamdiu

127 3175 130 3181 ,
198 3100 274 3197 ipsc
306 3119 450 3170 necesse
483 3086 706 3193 judicarerit.
732 3092 877 3191 Ipsique
911 3091 1057 3186 demum
1089 3090 1161 3161 arti
1215 3087 1224 3096 ’

199 3245 219 3288 c
252 3218 471 3292 nosocomiis
502 3237 633 3313 magna
664 3212 755 3284 haec
787 3210 968 3284 redundat
997 3207 1159 3306 utilitas,

201 3339 302 3436 quod
324 3338 511 3440 medicus,
536 3319 657 3437 plures
683 3332 814 3406 eodem
846 3329 967 3427 malo,
992 3328 1057 3404 sed
1082 3351 1161 3402 uon
1256 3355 1260 3364 ·

199 3481 341 3554 semper
364 3459 492 3531 eadem
514 3457 722 3551 varietate,
740 3451 887 3525 affectos
913 3448 1076 3549 quotidie
1102 3451 1160 3519 in-

200 3592 330 3662 tuens,
368 3578 590 3652 diversarum
627 3572 747 3648 morbi
788 3573 1004 3644 varietatum
1043 3570 1163 3665 magis

201 3699 425 3795 perspicuam
463 3697 651 3771 notionem
688 3696 728 3768 in
766 3693 888 3764 animo
926 3690 1163 3788 imprimere,

203 3819 475 3918 constantiaque
499 3818 599 3914 sigua
625 3813 764 3892 facilius
790 3811 954 3909 detegere
978 3823 1109 3910 potest
