2626 4470
974 245 1024 343 89
1043 289 1046 299 ι

103 359 270 432 nodosam
289 383 479 447 vocamus,
503 358 543 430 in
575 353 679 432 Italia
710 383 787 433 non
818 373 895 434 tam
923 361 1048 450 faciles

104 479 296 580 celeresque
321 493 528 580 progressus
554 479 704 578 fecisse,
731 495 839 580 atque
857 469 1068 558 'inomni-¹

103 598 163 672 bns
187 579 260 672 fere
286 601 520 674 orientalibus
544 604 670 673 maris
687 601 942 676 mediterranei
967 629 1052 704 pro·

104 721 240 819 unciis,
259 726 336 822 jure
357 723 532 822 suspicari
553 720 648 794 licet.
671 721 877 818 obstaculis
893 726 1053 825 etenim,
1075 721 1081 728 ’

103 867 186 939 quae
210 845 290 942 ipsa
314 842 462 916 illorum
482 843 690 944 temporum
712 845 807 930 ratio
823 869 947 917 seeum
965 847 1057 919 tale*

103 963 163 1061 rit,
194 977 332 1038 attente
363 963 623 1053 consideratis,
652 964 856 1038 horrendae
888 966 958 1038 lais
988 966 1072 1067 peril

103 1084 229 1180 primas
264 1085 409 1183 imperii
441 1086 597 1158 Romani
628 1085 799 1184 periodos
833 1086 1061 1160 roriconi-2

104 1218 273 1301 qratcnus
299 1205 426 1278 saltem
452 1205 628 1287 declarari
653 1219 786 1306 potest.
811 1207 960 1280 Veteres
981 1208 1076 1292 lto-2

102 1347 221 1399 manos
247 1327 289 1398 in
315 1326 404 1399 duas
432 1325 576 1416 classes,
601 1325 760 1398 militum
785 1353 833 1399 sc.
847 1321 900 1399 ¹'et
922 1331 1068 1426 egrico-s

101 1441 232 1536 larum,
261 1445 471 1520 distributos
498 1448 608 1520 luisse
634 1449 719 1520 satis
745 1462 876 1526 notum
902 1463 976 1547 est3
1001 1447 1069 1520 illi:
1112 1546 1115 1552 ,

101 1587 181 1638 vero
212 1566 313 1639 bella
343 1565 487 1667 semper
521 1567 675 1661 feliciter
708 1562 844 1666 gessere
877 1567 1034 1668 ideoque
1046 1568 1068 1670 ,²

102 1710 184 1782 quas
210 1713 253 1759 ea
280 1687 452 1768 inducere
470 1687 606 1787 solent,
631 1688 816 1762 molestias
826 1690 952 1760 'minus
977 1713 1069 1782 sarr,

34 1849 37 1858 ι
103 1830 196 1896 sere,
230 1807 321 1880 dum
356 1807 396 1880 hi
408 1865 419 1907 ,
459 1833 561 1906 agros
590 1807 799 1910 tranquille
817 1808 1014 1900 colentesr'
1034 1837 1068 1884 a.

101 1927 244 2025 publica
279 1929 550 2030 perturbatione
591 1932 667 2004 lere
699 1931 793 2006 nihil
809 1943 812 1950 '
829 1933 924 2032 passi
962 1945 1069 2006 sunt.-

101 2047 282 2139 Quantam
318 2075 471 2150 operam
499 2050 599 2124 urbis
639 2053 832 2125 munditiei
873 2051 1042 2128 dederint
1050 2049 1068 2154 ¹,

102 2183 300 2242 exstructae
327 2170 489 2269 cloacae,
523 2186 696 2272 quantam
731 2173 895 2274 corporis
927 2173 1063 2274 cultui,

101 2284 314 2382 balneorum
339 2291 634 2392 thermarumque
659 2293 779 2366 luxus'
797 2299 846 2388 (r)
869 2295 967 2366 satis
1001 2321 1062 2366 sn-

100 2435 233 2509 perquc
274 2425 546 2484 commonstrat.
582 2415 697 2486 Porro
737 2439 852 2512 qnum
882 2415 1072 2504 Romani,-

101 2531 205 2604 sieuti
230 2557 358 2605 omnes
382 2553 497 2630 paene
525 2517 685 2605 coeteras
711 2534 824 2622 artes,
850 2536 901 2606 ita
927 2548 964 2606 et
984 2560 1067 2606 mo·¹
1096 2535 1101 2548 *

104 2649 221 2724 dicam
247 2677 269 2723 a
295 2652 443 2724 Graccis
468 2651 593 2723 Italiae
620 2652 760 2726 colonis
786 2667 926 2725 mature
959 2679 1071 2726 acce-·

104 2773 255 2869 pissent,
282 2772 442 2844 Graecos
475 2772 636 2845 medicos
670 2759 783 2872 aeque
815 2773 891 2844 fere
925 2782 1067 2846 mature

103 2890 256 2966 Romam
294 2891 482 2967 advenisse
506 2892 802 2993 'morborumque
840 2893 1066 2966 curationem

458 3179 759 3200 m
776 3191 780 3200 ι

108 3315 146 3380 (ι)
172 3313 353 3384 Antiquarum
378 3313 552 3384 populorum,
576 3313 686 3366 Romani
703 3313 879 3384 praesertim,
900 3313 993 3366 balnea
1017 3317 1063 3386 qui

95 3462 104 3470 ἢ
161 3401 281 3470 penitius
299 3417 456 3469 cognoscere
474 3402 579 3470 cupiat,
598 3402 729 3468 egregiam
747 3419 838 3453 eorum
860 3401 1065 3476 descriptionem

127 3505 137 3531 ψ’
162 3489 335 3559 tristemque,
352 3507 433 3559 quam
455 3489 612 3556 habuerint,
635 3499 733 3548 sortem
753 3491 782 3542 in‘
804 3492 946 3561 concentor
968 3491 1069 3555 culter,

164 3577 209 3628 dic
226 3577 311 3630 Bader-
333 3576 380 3630 des
397 3578 576 3646 Alterthums,
602 3577 784 3632 insonderlrcit
808 3579 856 3632 der
873 3581 947 3646 alten
969 3580 1065 3654 homer

164 3663 216 3716 etc.
234 3647 286 3719 von
304 3668 350 3717 Dr.
369 3666 516 3718 Encnrrrnr
533 3647 755 3736 Wicnennnussn,
774 3667 926 3721 Mannheim
945 3684 976 3738 a.
1001 3665 1067 3742 Ηρὶέ

165 3750 273 3820 delberg
295 3755 366 3824 1807.
384 3755 408 3807 8.
420 3775 440 3806 n
454 3755 581 3826 inscripto
598 3754 723 3826 reperiet.
