2626 4470
265 247 317 347 96

241 366 376 441 valent.
399 363 482 438 Jam
506 361 554 436 ad
578 365 637 435 ea‘s
661 360 816 437 borealis
832 363 1001 468 Europae
1019 379 1132 448 terras
1154 403 1203 450 re·

240 491 437 588 gionesqus
462 511 529 558 nos
555 497 809 558 convertamus
820 541 831 583 7
864 511 957 587 quas
980 493 1203 596 tristissimae

238 608 312 680 luis
324 661 336 706 7
362 606 451 680 olim
475 618 578 677 tanto
610 604 741 678 lurore
766 621 943 704 grassatae
955 664 965 705 7
999 611 1204 688 felicissima

243 754 343 802 nune
367 726 582 800 liberatione
604 738 645 798 et
668 726 849 798 vacuitate
882 729 1050 825 gaudent.
1077 734 1128 807 Et
1153 707 1206 808 di-

213 889 218 898 ·
244 868 447 948 guae'sane
472 845 666 943 videntur,
691 857 732 918 ut
744 900 756 943 ,
787 872 879 946 quae
903 848 1073 948 adhunc
1098 858 1207 953 pesti.

244 969 396 1042 lentiam
421 966 628 1067 pellendam
652 980 820 1065 expertae
843 967 996 1068 luerint,
1022 976 1209 1071 speciatim

245 1103 514 1192 pertractemus.
545 1086 638 1160 Nam
671 1107 785 1187 quum
813 1090 912 1161 'inter
948 1091 1077 1166 harum
1112 1096 1208 1170 orbis

246 1212 433 1312 plagarum
457 1223 673 1309 nostraeque
697 1210 910 1308 peninsulae
933 1212 1025 1286 coeli
1047 1217 1208 1317 atrisque

247 1334 443 1430 rationem,
467 1331 856 1430 incolarumvictum,
885 1359 1005 1408 mores
1032 1350 1209 1412 coeteras-

246 1478 318 1553 qne
344 1453 417 1526 lere
443 1477 568 1525 omnes
594 1451 873 1524 consuetudines
895 1454 1022 1551 priscis
1041 1459 1212 1557 tempoli-

247 1572 418 1646 bussina
444 1573 557 1646 dubio
583 1576 701 1672 major
733 1571 843 1645 luerit
874 1573 1073 1648 similitudo
1086 1632 1098 1674 7
1131 1579 1212 1678 vel,

251 1723 365 1797 quum
391 1696 514 1769 omnia
539 1695 613 1766 fere
639 1692 795 1791 haecce,
827 1691 900 1766 illis
924 1695 964 1766 in
989 1694 1214 1773 felicioribus

251 1816 460 1916 regionibus
485 1813 641 1886 multum
667 1813 880 1911 emendata,
919 1816 1017 1914 apud
1048 1843 1118 1891 nos
1154 1835 1216 1918 ant

252 1962 398 2037 prorsus
435 1939 627 2009 immutata
662 1947 724 2007 aut
756 1951 886 2034 parum
924 1935 1036 2009 modo
1074 1913 1216 2014 mutita

253 2056 374 2130 adhuc
408 2058 622 2158 persistant,
658 2067 778 2128 tanto
797 2054 1038 2130 confidentius
1070 2085 1216 2159 sperare

253 2176 361 2275 licet,
386 2176 514 2252 iisdem
539 2175 708 2249 remediis
734 2199 838 2274 posse
865 2175 1145 2252 scandinaviam
1170 2179 1216 2252 ab

253 2298 381 2374 eadem
405 2297 512 2372 foeda
536 2296 596 2370 lue
620 2295 777 2369 liberari.
803 2295 921 2396 Atque
942 2297 972 2370 si
993 2298 1089 2372 inter
1105 2326 1217 2374 reme·

185 2486 188 2490 .
256 2419 341 2518 dia,
373 2419 442 2492 hac
474 2420 514 2491 in
546 2416 820 2517 septentrionali
852 2417 1000 2516 Europa
1033 2418 1220 2518 adbibita,

182 2543 203 2610 ’,
251 2551 301 2610 -et-
319 2561 377 2626 ea,
403 2563 496 2638 quae
520 2539 560 2610 in
584 2535 814 2610 meridionali
835 2538 975 2636 optimo
993 2563 1077 2610 cum
1096 2539 1218 2614 fructu

257 2673 396 2732 tentata
420 2659 529 2731 fuisse
554 2657 777 2754 audivimus,
801 2683 981 2730 summam
1001 2657 1107 2731 nobis
1134 2685 1219 2735 con·

252 2779 379 2876 tigerit
404 2780 696 2854 convenientiam
720 2776 890 2878 probare,
916 2777 1012 2852 laeta
1036 2767 1128 2851 haec
1156 2783 1221 2854 no·

142 2927 145 2932 ·
258 2915 331 2974 stra
344 2926 425 3000 spes
440 2900 487 2972 ad
499 2898 755 2973 certitudinem
769 2897 888 2971 adhuc
901 2900 1049 2999 propius
1067 2900 1221 2974 accedit

335 3021 393 3094 Sic
419 3021 467 3094 ad
491 3023 650 3094 Daciam
676 3018 912 3094 devolvimur.
938 3019 1139 3118 -Aquae
1166 3047 1223 3092 sa·
1298 3117 1299 3128 ἵ

259 3144 385 3220 lutaris
409 3145 465 3217 vis
494 3155 543 3214 etv
562 3141 674 3240 prisci
705 3139 800 3214 Dani
837 3152 1027 3239 *quantm*
1050 3139 1226 3214 fiduciam
1298 3155 1299 3226 3

260 3263 477 3362 habuerint,
502 3285 633 3360 magna
659 3285 846 3334 sacrorum
871 3261 1031 3334 fontium
1043 3315 1054 3358 ,
1080 3285 1226 3334 summa
1298 3239 1299 3262 ¹

262 3409 347 3458 cum
383 3357 616 3464 veneratione
652 3379 856 3478 cultorum,
896 3379 1101 3480 frequentia
1139 3385 1227 3456 satis

263 3501 381 3576 docet
405 3503 475 3582 Vel
499 3503 717 3579 levissimam
750 3527 944 3606 quumque¹
962 3502 1230 3616 aegritudinem
1297 3524 1298 3611 p

262 3625 466 3726 percipiens
492 3649 553 3696 eos
579 3623 691 3722 adiit7
725 3636 785 3719 et,
817 3625 939 3722 prouti
976 3611 1099 3696 rer'um
1132 3626 1229 3697 ratio

264 3743 406 3845 tulerit,
430 3741 672 3824 medicantem
696 3768 827 3843 aquam
852 3742 911 3818 vel
926 3745 1024 3820 intus
1040 3745 1230 3839 assumsit,
1296 3827 1297 3830 Ἴ
