2628 4476
996 305 1048 383 29

99 403 294 506 eidemque
312 403 424 503 igitur
443 403 569 480 innixa
590 401 740 504 partitio
762 423 839 481 non
854 411 976 504 potest
992 426 1069 476 esse

98 527 251 602 firmiter
274 523 454 624 stabilita,
480 549 566 600 sane
583 524 830 624 maximopere
848 536 988 621 errant,
1006 525 1071 626 qui

97 673 124 757 e
137 648 330 749 principiis
350 628 709 746 iovieemoppositis
726 645 844 720 varias
861 625 981 721 morbi
999 646 1071 722 for·

97 793 173 848 mas
200 765 386 842 declarare
413 780 602 842 conantur.
627 763 755 842 Cuivis
779 766 917 841 etenim
941 765 1070 845 adver·

95 913 155 961 sae
187 886 393 984 valetudini
423 889 578 964 unicum
618 885 733 963 modo
768 883 915 962 subesse
949 899 1072 988 potest

95 1008 323 1110 principium
347 1009 541 1109 variaeque
566 985 664 1088 illius
690 1009 828 1106 speeies
854 1010 955 1086 evis
977 1010 1071 1084 vita-

94 1117 137 1203 lis
153 1130 196 1206 iu
213 1128 290 1206 hoe
315 1131 460 1205 aetiana
482 1127 698 1220 efficiuntur.
718 1127 888 1206 Morbum
914 1121 1088 1234 ideoque

95 1264 268 1327 neruum
281 1251 325 1326 iu
340 1263 457 1328 certae
481 1251 621 1351 species
652 1233 897 1336 distributoris
913 1248 961 1325 ad
977 1277 1073 1352 sym·

94 1384 285 1473 ptumam,
318 1397 412 1474 quae
444 1370 514 1447 sub
546 1355 682 1446 'sensus
714 1373 873 1470 maxime
908 1372 1075 1472 cadunt,

96 1483 288 1568 attendere
313 1492 430 1568 multo
461 1485 621 1594 praeotat
632 1518 644 1591 3
668 1516 785 1593 quum
818 1517 988 1594 squamas
1012 1492 1073 1576 vel

95 1614 190 1690 solas
205 1612 280 1700 ‘vel
312 1613 500 1720 tuberibus
529 1616 673 1688 iunctas
703 1612 796 1714 talia
810 1624 900 1688 'ease
936 1619 1071 1694 maturi

94 1737 200 1836 sigua
234 1733 518 1826 oetenderimus,
553 1736 716 1838 apprime
743 1733 939 1814 commoda
973 1733 1071 1811 vide·

93 1869 153 1934 tur
179 1856 347 1932 eiusdem
368 1855 530 1933 in‘biuas
556 1855 622 1936 has
645 1858 805 1958 species,
831 1880 1073 1976 squamosam
1146 1928 1150 1936 .

102 1991 216 2082 etque
242 1975 466 2072 tuberosum,
492 1977 634 2086 divisio.

169 2093 314 2174 Verum
338 2101 438 2176 euim
465 2124 550 2177 vero
583 2099 722 2199 omnia,
749 2125 842 2201 quae
866 2125 976 2202 supra
1011 2127 1072 2179 ex-

94 2221 225 2324 posui,
240 2233 486 2323 symptomata
504 2245 622 2322 neque
640 2245 785 2322 semper
805 2235 893 2296 suut
909 2237 1073 2323 praesta,
1194 2249 1198 2264 ·

96 2358 219 2445 neque
245 2341 331 2416 huie
355 2335 487 2420 morbo
509 2345 668 2454 propria.
695 2342 775 2416 Alia
802 2345 939 2431 etenim
975 2343 1073 2417 vide·

95 2490 179 2540 mus
198 2488 342 2566 semper
358 2464 432 2544 fere
449 2463 594 2554 edesse,
613 2463 683 2538 alia
704 2465 924 2566 quandoque
942 2465 1072 2566 solum,

96 2585 165 2660 alie
200 2587 243 2659 iu
283 2583 363 2660 aliis
395 2587 506 2661 etiam
533 2585 678 2676 amorbis
724 2585 841 2662 obvia.
880 2587 915 2664 Si
951 2590 1074 2690 itaque

96 2705 274 2783 morbum
310 2719 478 2782 nostrum
517 2706 674 2784 veliem
710 2733 732 2780 a
773 2709 942 2788 finitimis
980 2713 1094 2786 iuete¹

93 2819 280 2928 facileque
308 2825 552 2928 distinguere,
584 2826 779 2928 eprolata
813 2826 1072 2932 hypotyposi‚

98 2973 213 3049 quae,
238 2947 397 3030 fortuitis
424 2951 580 3047 omissis,
605 2947 905 3052 constantissima
927 2951 1072 3028 videon·
1177 2941 1181 2946 ⁵

100 3083 175 3168 tur,
192 3070 294 3170 sigua
310 3058 512 3171 seffgamus,
531 3082 698 3172 oportet·
706 3069 835 3146 Talem
847 3093 934 3147 vero
949 3073 1071 3158 morbi
1096 3059 1101 3071 ⁴
1161 3162 1162 3166 Ἰ

98 3189 348 3288 proteiformis
381 3189 702 3268 adumbrationem
732 3206 771 3266 et
790 3196 908 3294 quasi
941 3192 1071 3270 defiui-

97 3311 240 3402 tion'em
264 3309 438 3411 praebere
454 3338 511 3386 res
528 3327 584 3388 est
600 3314 754 3416 summis
780 3313 956 3414 impedita
980 3317 1071 3393 diffi-

99 3427 315 3530 cultatibus3
333 3439 524 3518 verumque
539 3434 645 3510 notio
663 3431 828 3524 eiusdem
850 3434 898 3518 ad
922 3435 1071 3537 plenam

98 3552 288 3651 perveniat
304 3556 619 3653 perspicuitatem,
636 3578 733 3652 nou,
758 3554 980 3649 Grsursuuu,
1004 3559 1071 3636 Aa·
1128 3565 1130 3572 ’
1196 3600 1198 3609 ·

99 3695 204 3772 eom,
238 3673 445 3750 Amaroriu
480 3689 518 3750 et
552 3674 697 3749 Vouor1
735 3700 859 3776 more,
890 3679 1072 3778 principia

86 3790 315 3890 negligenda
331 3809 443 3898 aum,
469 3795 534 3872 sed
559 3821 579 3872 a
605 3795 733 3896 primis
759 3795 845 3872 inde
872 3797 984 3870 initiis
1011 3816 1068 3869 or·

103 3909 290 3987 diendum.
409 3953 414 3960 ·
649 3907 650 3912 ἵ

1110 1613 1118 1652 i
