2612 4474
272 207 343 312 196

241 331 343 432 lepra
368 329 518 404 taurica.
531 325 759 417 dominatur,
791 327 833 402 in
861 327 945 430 ipso
976 325 1048 403 boe
1079 326 1200 404 morbo

244 450 407 530 curando
447 449 717 552 hydrargyrum
751 448 962 539 adhibetur,
1000 449 1101 552 quod
1136 475 1204 525 non

245 573 366 650 solum
390 571 444 646 uil
464 574 581 668 iuvat,
615 570 682 646 sed
713 597 900 646 summum
929 573 1080 674 iusuper
1109 571 1206 646 mali·

248 696 394 798 guitatis
420 693 574 794 gradum
599 692 761 768 adducit.

323 817 497 892 Remedia
528 829 703 890 extem·
741 815 786 889 In
816 818 863 890 iis
894 817 1122 916 regionibus,
1154 817 1210 890 ubi

247 942 427 1016 maximus
453 951 509 1010 est
539 937 661 1012 morbi
693 937 893 1012 Crimensis
926 919 1046 1029 furor,
1079 941 1210 1041 praeei-
1273 949 1274 958 ’

249 1087 365 1162 puum
377 1058 579 1134 remedium
595 1057 766 1134 laudatur
782 1057 841 1134 lae
860 1061 1037 1162 equinum
1056 1060 1211 1162 tapidum

250 1185 302 1279 (r)
327 1181 368 1254 in
401 1178 542 1254 balneis
578 1205 685 1282 saepe
722 1181 861 1258 iteratis
895 1181 1114 1286 adhibitum.
1152 1181 1226 1282 Sed·
1273 1201 1274 1252 r

253 1329 345 1405 quae
370 1303 457 1376 huic
483 1302 646 1376 remedio
672 1329 817 1406 cunque
842 1304 958 1380 insint
979 1308 1149 1395 virtutes,
1168 1319 1213 1377 ta·

252 1449 340 1498 men
358 1426 550 1526 pretiosius
570 1437 642 1514 est,
658 1421 769 1526 quam
786 1451 859 1526 quo
881 1423 988 1501 multi
1004 1428 1148 1528 possint
1159 1427 1213 1497 uti.

331 1544 447 1621 Multo
472 1545 710 1646 efficaciores,
736 1541 912 1648 aptiores,
937 1550 1014 1622 imo
1042 1547 1119 1620 sere
1145 1570 1215 1646 spe·

257 1669 462 1754 cilici-sunt
486 1665 714 1742 saluberrimi
739 1669 892 1744 Caucasi
918 1671 1056 1759 fontes,
1088 1668 1171 1744 inde
1200 1690 1216 1736 a
1273 1683 1274 1696 ¹

256 1789 444 1865 nonnullis
470 1789 620 1866 demum
645 1791 752 1864 annis·
770 1794 929 1866 maxima
949 1791 1145 1866 bominum
1160 1789 1217 1861 fre·
1273 1867 1274 1876 ἢ

258 1913 475 2020 quantiano
499 1909 607 1986 laude
634 1915 768 2013 ornati,
793 1927 980 2016 praeterea
1004 1915 1168 2014 proxime
1182 1908 1218 1982 il·
1273 1905 1274 1908 '

259 2031 305 2106 lis
329 2032 536 2130 regionibus
562 2033 778 2111 adiacentes
805 2037 898 2110 Usui
930 2037 1078 2110 interno
1113 2033 1218 2106 fontes

263 2153 416 2266 aciduli‚
440 2169 589 2229 externo
614 2155 734 2252 fontes
759 2155 963 2260 sulphurioi
988 2155 1100 2244 calidi
1124 2157 1222 2228 inser·

262 2290 379 2350 vlunt.
601 2371 605 2376 Ι

268 2452 276 2464 ,
338 2397 390 2470 Et
413 2423 499 2474 usus
525 2425 671 2501 quoque
696 2399 819 2474 balnei
834 2397 968 2476 marini
975 2457 986 2502 7
1003 2415 1085 2474 tum
1099 2401 1140 2475 in
1156 2399 1222 2498 ipso

264 2503 484 2622 masuram
507 2523 548 2594 in
573 2547 667 2622 aqua
684 2549 713 2595 e
738 2525 831 2598 mari
856 2533 981 2596 sumta
1002 2537 1039 2596 et
1064 2525 1105 2596 in
1125 2517 1224 2594 domi·

235 2639 355 2736 'uilio
387 2657 629 2745 praeparata,
673 2645 854 2745 optimum
897 2639 1017 2716 adfert
1058 2641 1224 2716 effectum.

270 2763 579 2866 Quandoquidem
606 2791 699 2866 aqua
715 2767 856 2840 marina
872 2766 983 2838 etiam
1000 2760 1225 2865 propinquior

271 2899 343 2986 est,
368 2911 487 2987 *quam
524 2885 642 2960 sontes
680 2887 858 2978 Caucasi,
886 2884 1017 2959 incolis
1050 2885 1224 2983 regionum

271 3008 634 3096 Astrachanensium‚
659 3007 759 3108 lepra
793 3009 1010 3082 chersonesa
1044 3031 1132 3106 prae
1162 2999 1225 3073 aliis

140 3194 145 3198 .
274 3130 541 3230 laborantibus,
568 3127 756 3230 'egregium
787 3129 849 3230 vel
878 3128 965 3204 hine
998 3125 1226 3232 collaudatum
1273 3137 1274 3214 ξ

277 3254 353 3326 eius
378 3250 547 3328 effectum
573 3259 631 3348 (a).
1273 3255 1274 3264 ’

547 3520 972 3543 Μ*

284 3681 426 3748 (odana,
445 3679 463 3732 1,
482 3693 506 3732 o.
600 3667 602 3675 ’

286 3777 325 3838 (a)
343 3770 453 3840 bureau,
473 3768 507 3824 da
524 3783 608 3840 aquae
625 3767 743 3825 marinae
761 3785 828 3838 utu,
844 3780 873 3838 p.
893 3765 942 3836 lp·
973 3819 982 3832 ⁵
1033 3809 1037 3818 .
