2628 4476
234 135 276 226 ¹4

202 253 308 328 nobis
333 251 394 327 vix
407 249 548 326 melius
572 247 777 351 continget,
799 275 909 353 quam
929 249 1175 340 brevitates·

202 379 321 479 posita
347 373 509 474 vulgaria
524 372 647 451 morbi
668 374 771 474 sigua
786 399 870 450 cum
887 375 932 450 iis
954 399 1178 474 eomparan-

203 499 270 590 do,
297 521 390 598 quae
414 498 505 570 istae
527 492 789 595 aegritudines,
807 495 1025 595 quibusoam
1045 521 1067 567 a
1086 497 1176 572 viris
1218 567 1220 572 .

202 643 279 694 non
295 618 423 719 paucis
444 614 833 716 eousuudittt'rrvulgo
856 617 995 722 aporire
1017 616 1173 692 soleant.

202 740 326 840 Neque
352 763 439 816 vero
466 739 634 846 omnium
648 751 954 838 symptomatum,
968 763 1065 840 ,quae
1082 738 1173 812 huic
1287 831 1288 834 Ἴ

203 860 335 938 morbo
358 861 452 935 rarii
478 857 726 936 observatores
741 857 985 958 adscribant,
1020 860 1173 962 copiosa

203 983 265 1057 hio
302 970 530 1084 exspectetur
568 981 823 1080 enumeratio,
846 1004 965 1080 neque
1002 983 1174 1056 omnium

204 1106 423 1203 formarum,
447 1101 578 1202 quibus
602 1101 706 1176 ludat
713 1158 724 1200 ,
749 1104 856 1183 aritia
872 1115 1037 1204 speretur
1059 1127 1173 1204 expo·

202 1227 285 1314 sitio
291 1253 303 1324 3
329 1223 429 1326 quod
453 1248 521 1298 nos
547 1225 587 1297 iu
611 1221 858 1326 prolix-itatem
882 1223 945 1300 rix
963 1221 1094 1304 utilem
1113 1251 1172 1300 se·

204 1346 362 1422 duceret.
400 1343 513 1422 Nobis
550 1346 660 1445 igitur
698 1343 852 1420 sufficiat
889 1343 1054 1446 vulgares
1073 1395 1076 1402 -
1094 1349 1171 1424 eius

203 1483 318 1546 notas¹
349 1465 490 1568 afferre,
529 1469 672 1544 omissis
704 1468 934 1565 varietatum,
971 1487 1058 1542 saue
1093 1495 1178 1572 non·

172 1582 419 1694 ''paucarum
455 1571 768 1703 proprietatibus.·'
787 1587 889 1682 Quos
907 1589 1030 1687 facto,
1069 1592 1172 1690 signa

202 1719 325 1816 minus
348 1711 559 1794 essentialia
579 1709 828 1810 detrahamus,
854 1724 896 1784 ut
920 1736 941 1784 e
967 1715 1173 1790 coustanti-

86 1923 96 1936 .
203 1834 288 1934 bus,
315 1858 407 1936 quae
432 1843 660 1932 remaneant,
682 1835 813 1922 animis
834 1832 967 1910 nostris
988 1835 1172 1931 possimus

204 1941 340 2032 reram·
352 1952 474 2030 morbi
491 1955 687 2045 informare
702 1936 904 2031 notionem,
921 1951 1063 2028 Collata
1081 1970 1171 2032 tuuc

203 2075 272 2152 hae
297 2075 379 2150 idea
406 2101 491 2150 eum
504 2075 665 2178 illorum
689 2073 903 2172 morborum
916 2077 1050 2175 signis,
1071 2077 1173 2154 vide·

202 2199 348 2300 bimus,
368 2223 453 2301 oum
468 2223 641 2300 ⁴quautam
664 2211 842 2298 congrum
865 2196 931 2280 uel
965 2195 1170 2300 discrepet,

189 2333 240 2398 et
264 2320 324 2394 oui
350 2319 568 2419 gravissimis
593 2315 794 2396 rationibus
819 2315 1030 2394 sim-illimus.
1045 2332 1172 2424 noster

132 2453 133 2458 ’
178 2441 420 2543 reperiatur,
446 2441 523 2515 eius
547 2463 699 2540 quoque¹
728 2425 940 2542 germanum
954 2521 957 2527 ,
970 2465 1050 2524 ‚esse
1084 2466 1175 2516 eun·

203 2561 288 2638 dem
312 2560 502 2662 probabile
527 2559 656 2638 saltem
681 2561 835 2638 videtur.
852 2553 989 2636 Verum
1005 2565 1036 2636 si
1054 2565 1169 2639 causis

202 2668 329 2782 etiam,
357 2702 449 2783 quae
475 2669 687 2784 apud'alias
714 2695 838 2782 gentes
855 2683 989 2783 pariter
1008 2707 1050 2756 ao
1068 2685 1168 2786 apud

201 2825 270 2878 uos
295 2799 467 2894 morbum
495 2801 645 2901 ,gignere
678 2799 845 2900 alereque
879 2813 1072 2902 putantur,
1107 2830 1167 2879 ex·
1218 2877 1223 2886 ,

152 2975 155 2980 -
201 2925 328 3025 positis
345 2920 682 3025 consideratisque,
705 2914 840 3026 ubique
862 2921 1009 2998 easdem
1029 2926 1170 3001 inveni·

200 3071 282 3120 mus
309 3059 402 3120 eum.
419 3029 680 3146 producentes,
708 3043 757 3120 ad
781 3069 962 3120 summam
984 3046 1169 3126 certitudi-

200 3190 287 3240 nem
312 3165 403 3242 haee
429 3164 667 3268 probabilitas
694 3165 869 3247 evehitur.
896 3167 994 3240 Duas
1032 3171 1169 3244 etenim

199 3285 366 3387 pluresve
392 3313 463 3387 res,
490 3313 606 3390 quae,
622 3286 752 3362 iisdem
784 3270 995 3391 progenitas
1033 3293 1169 3390 causis,

201 3406 330 3482 eadem
355 3411 505 3510 insuper
529 3409 784 3511 phaenomena
810 3412 994 3513 aperiant,
1013 3414 1090 3484 uni
1122 3414 1168 3485 ei—
1260 3485 1261 3488 ,
1289 3481 1290 3484 ,

201 3527 356 3631 demque
382 3555 458 3604 esse
484 3534 605 3632 generi
631 3531 829 3635 subiectas,
857 3555 934 3608 non
957 3529 1170 3610 dubitamus

199 3653 447 3751 pronuntiare.
1199 3654 1202 3660 ’
