2628 4476
255 359 293 419 et
310 355 606 430 consummatum
620 365 744 418 veram
755 363 833 416 esse
847 340 989 444 lepram
1001 359 1042 422 ct
1056 344 1230 449 elephan-

256 467 366 542 tiasin
398 478 572 540 autumat
608 470 668 560 (ι).
701 464 955 566 Amplissimus
995 468 1108 543 etiam
1139 467 1228 547 Cau·

252 612 353 662 uranu
378 584 551 664 morbum
575 601 745 663 nostrum
769 587 995 689 simplicem,
1020 588 1124 664 nulla
1156 589 1228 664 alia

253 707 454 796 acrimonia
478 708 732 810 inquinatum,
753 711 926 810 exsistere
946 735 1054 812 posse
1072 693 1230 786 testetur

255 833 320 930 (2).
352 830 548 912 Amisum
578 829 737 930 denique
769 830 822 926 (3)
854 845 893 908 et
916 829 1061 912 Vocon.
1083 833 1149 932 (4),
1181 857 1229 906 ne

253 977 324 1054 pro
349 951 522 1039 scorbuto
547 950 726 1052 habeatur
750 952 868 1052 idem,
898 978 1023 1032 severe
1057 968 1226 1032 monent.

252 1072 452 1174 Utriusque
474 1098 561 1150 vero
581 1073 705 1149 morbi
726 1072 883 1154 decursu
905 1073 1227 1177 pecudiaribusque

252 1195 564 1296 symptomatibus
588 1209 726 1272 attente
755 1195 1010 1296 consideratis,
1031 1221 1123 1302 'saue
1150 1225 1229 1274 non

252 1322 463 1418 possumus,
490 1317 582 1418 quin
609 1316 729 1408 hisce,
756 1319 821 1420 qui
854 1317 1102 1396 scorbuticam
1131 1317 1227 1394 labis

252 1451 397 1514 nostrae
429 1435 593 1514 indolem
621 1452 777 1538 negent,
826 1439 1071 1541 maximopere
1106 1465 1230 1516 asseu-

252 1561 398 1636 tiamur.
429 1559 651 1645 Scorbutum
679 1561 890 1662 frequenter
921 1561 1072 1662 quidem
1094 1562 1229 1638 eadem

253 1681 480 1759 annunciant
504 1681 607 1782 signa
632 1681 960 1784 prodroma,‚quae
976 1682 1149 1762 morbum
1165 1710 1230 1760 no·

252 1818 386 1904 strum;
403 1827 496 1906 quae
511 1816 637 1882 autem
652 1804 693 1878 in
714 1802 798 1904 illo,
816 1803 1012 1910 accedente
1030 1803 1229 1882 affectione

252 1926 381 2024 locali,
412 1950 491 2002 nou
522 1950 683 2023 cessare,
716 1951 764 2034 ne
796 1926 955 2026 mitigari
985 1924 1154 2027 quidem,
1174 1929 1229 2002 -in

61 2129 63 2138 ,
170 2117 172 2122 ,
252 2046 325 2121 hoc
352 2059 498 2141 contra,
521 2047 793 2148 quamprimum
818 2071 999 2150 summam
1020 2060 1145 2141 cutem
1163 2048 1227 2124 de·

253 2183 399 2270 turpare
425 2169 614 2270 coeperint
635 2167 765 2246 allatae
783 2167 1085 2267 efflorescentiae,
1111 2171 1228 2246 maxi·

250 2316 313 2366 me
331 2315 375 2366 ex
391 2303 495 2392 perte
512 2307 727 2368 evanescere
744 2288 873 2367 solent.
890 2288 1059 2366 Maeuiae
1075 2290 1228 2394 insuper

198 2473 201 2478 .
250 2411 479 2490 scorbuticae
509 2437 611 2486 suras
651 2413 814 2513 primum
855 2435 1037 2514 occupare
1070 2437 1227 2488 consue·

253 2533 377 2631 scunt,
400 2533 532 2609 facicm
554 2559 660 2634 vero,
678 2559 771 2636 quae
788 2547 957 2610 nostrum
973 2532 1146 2610 morbum
1165 2561 1227 2612 co·
1297 2521 1298 2528 ἵ

254 2656 442 2730 mitantur.
468 2655 504 2728 si
532 2653 691 2756 denique
715 2654 838 2730 ulcera
863 2655 941 2755 ipsa
968 2647 1227 2756 respiciamus,

251 2800 519 2875 magnumsane
530 2775 729 2851 discrimen
740 2775 977 2851 inveniemus.
986 2775 1227 2852 Ulcerascor·

250 2895 375 2972 butica
402 2899 476 2974 oris
501 2899 716 2999 praesertim
740 2897 952 2972 indicantur
976 2895 1119 2998 lividis,
1135 2895 1227 2974 flac·

251 3017 360 3118 cidis‚
374 3018 490 3094 fundo
504 3022 701 3121 spongioso
708 3077 721 3122 ‚
738 3022 912 3120 fungum,
930 3008 1226 3120 sanguinolent05

582 3307 887 3333 W

253 3503 293 3566 (r)
310 3497 345 3552 V.
364 3498 422 3552 eius
438 3505 517 3554 tract.
536 3515 616 3572 supra
634 3500 708 3552 citat.
725 3505 770 3570 ppt
793 3516 831 3570 ra,
850 3499 937 3572 adop.

252 3591 292 3652 (2)
310 3587 379 3659 Syri.
396 3587 512 3660 chirurg.
530 3587 593 3646 hod.
610 3587 681 3642 Edit.
700 3587 725 3660 4.
742 3587 773 3642 Τ.
792 3587 814 3645 Ι.
832 3589 911 3648 Helu·
933 3591 1005 3646 1815.
1023 3589 1050 3658 8.
1069 3605 1195 3654 occosrx.

252 3677 293 3739 (3)
311 3677 421 3732 Dissert.
439 3678 497 3733 eius
515 3696 596 3752 supra
613 3679 686 3731 citat.
703 3695 730 3748 p.
748 3675 775 3731 6.
1050 3729 1053 3738 .

252 3763 294 3832 <li
343 3794 379 3812 ··
410 3794 447 3813 ·-
478 3795 513 3814 ···
546 3767 646 3826 laudat
664 3783 690 3839 p.
713 3765 752 3820 26.
901 3757 904 3762 ¹
972 3755 975 3762 Α
