2628 4476
247 209 295 284 38

220 311 288 434 pro
313 351 465 403 venerea
491 323 573 400 labe
598 321 811 402 habendum
835 347 914 402 esse
944 325 1103 429 probare
1136 329 1193 405 vi·
1291 345 1294 355 ’

218 453 373 551 dentur,
398 450 438 524 iu
468 447 760 552 disquisitionem
790 450 895 526 venit
924 451 1195 527 nonnullorum

129 601 134 608 ·
217 573 363 676 opinio,
388 569 483 646 illud
507 595 585 646 esse
609 571 713 673 quasi
737 575 878 647 osterna
892 573 1086 674 mnusque
1099 597 1198 649 mon

216 695 258 771 bi
280 699 457 772 mixtione
490 694 733 796 progenitam·
756 693 895 768 Vemm
926 695 1066 770 corruit
1098 693 1194 776 haee

216 817 350 916 etiam,
374 817 407 891 si
431 815 503 890 luis
526 813 701 890 soorbuto
726 815 966 916 complicatae
995 815 1197 890 decursum

218 937 474 1040 curandaeque
506 933 724 1012 methodum
760 939 1014 1038 respiciamus3
1047 949 1197 1013 merou-

218 1063 293 1136 rius
322 1060 478 1160 etenim,
503 1061 566 1161 qui
591 1057 837 1134 exanthemati
858 1073 985 1136 nostro
1010 1061 1196 1134 tutissime

217 1181 445 1284 opponitur,
490 1179 713 1284 syphilidem
754 1179 999 1256 scorbutioam
1039 1205 1188 1283 semper

221 1315 419 1404 exasperat.

295 1423 476 1500 Resumtis
500 1423 575 1498 ium
600 1447 728 1498 eorum
753 1419 957 1524 sententiis,
991 1427 1055 1526 qui
1092 1451 1196 1504 mor·

218 1547 308 1622 bum
333 1571 411 1619 esse
436 1569 564 1619 verum
589 1543 821 1642 scortorum,
854 1544 913 1619 vel
943 1535 1194 1648 syphilidem,

217 1664 278 1744 vel
301 1669 489 1768 utriusque
513 1663 709 1766 hybridam
729 1667 888 1766 speeiem
904 1665 1110 1769 declarant,
1136 1697 1198 1746 re-

218 1805 291 1864 stat
327 1789 480 1863 demum
515 1787 675 1863 breviter
711 1786 935 1887 disquirere,
973 1790 1197 1869 exanthema

220 1911 338 1986 hoooe
363 1933 412 1984 an
441 1905 606 1987 veterum¹
637 1910 687 1984 sit
716 1909 817 2009 lepre
848 1921 885 1984 ‘et
913 1909 1196 2012 septennem,

218 2054 290 2106 neo
314 2028 383 2108 uei
408 2029 491 2106 Non
523 2027 739 2129 diffitemur,
772 2043 916 2132 praeter
940 2031 1076 2139 ‘allatos
1107 2058 1197 2110 om·

219 2177 304 2252 nes,
330 2150 462 2255 quibus
487 2151 575 2227 alias
599 2153 713 2252 magis
734 2151 892 2228 arridere
913 2154 1106 2254 opiniones
1121 2181 1194 2232 au·
1312 2169 1313 2178 ’

219 2273 396 2374 divimus,
421 2272 480 2349 vel
504 2272 686 2349 hodierno
713 2287 878 2374 tempore
899 2299 997 2374 esse,
1013 2280 1076 2378 qui
1091 2276 1192 2355 iilud

219 2423 305 2471 oum
331 2396 431 2474 hisce
448 2393 675 2470 confundere
691 2391 926 2470 vehementer
942 2395 1193 2478 dissuadeant.
1311 2399 1312 2476 ζ

217 2519 643 2615 uacm,n01rausus
675 2515 845 2591 morbum
878 2539 963 2593 vere
1000 2517 1193 2620 leprosum

217 2649 256 2715 et
291 2637 585 2740 elephantiaouru
617 2621 880 2740 pronuntiare,
918 2663 1005 2714 eum
1042 2667 1193 2743 semper

219 2773 484 2835 commemorat
512 2760 564 2834 sie
602 2760 748 2834 dietam
771 2757 908 2859 iepram
939 2759 998 2835 rel
1029 2762 1193 2851 scobrem
1309 2857 1310 2860 Ἴ

219 2877 401 2982 leprosam
421 2879 665 2958 scordutieam
689 2885 755 2979 (1);
780 2893 818 2954 et
848 2882 1036 2981 Momm,
1071 2909 1190 2984 quum

218 3001 464 3076 Grsuasrrnusr
503 3003 544 3074 in
581 3001 833 3078 dissertatione
872 3001 1074 3103 inaugurali
1112 3005 1191 3080 ele·

217 3121 453 3223 phantiaeam
478 3121 598 3198 morbi
619 3123 783 3200 indolem
794 3123 993 3200 *ostendere
1011 3139 1190 3201 conatum

103 3621 106 3630 ι
211 3555 253 3623 (ι)
269 3551 414 3622 Excerpta,
432 3551 558 3607 Hrsseenr
575 3553 665 3628 operi:
679 3569 699 3604 e
711 3569 775 3608 rom
791 3553 1037 3609 abendir'tndisehen
1055 3537 1183 3611 tussatze

270 3642 308 3694 im
325 3641 482 3696 Mittelalter
498 3650 550 3698 eto.
566 3643 663 3698 Hsmb.
684 3660 762 3714 1790,
774 3647 906 3714 nssennexa
923 3663 950 3716 p.
972 3646 1181 3715 rto-117.Couf.

269 3727 356 3789 Toms
372 3729 467 3789 medie.
484 3730 600 3805 ehirmg.
617 3731 713 3792 Journ-
730 3734 746 3791 5
763 3733 792 3790 Β.
814 3751 823 3792 ι
843 3731 899 3794 uu
919 3734 991 3792 1800.
1012 3750 1039 3806 p.
1057 3733 1098 3808 47.
