2628 4476
113 403 229 482 neque
251 399 337 454 raro
360 389 437 452 tam
452 374 628 454 velociter
644 387 849 476 transeant,
864 387 907 450 ut
927 380 1080 456 omnino

114 525 188 575 non
213 487 574 592 animadvertantur,
601 496 647 572 de
672 509 799 573 nostro
824 496 955 574 morbo
979 495 1079 584 idem

112 621 231 698 valere
267 621 439 721 videtur,
470 619 575 721 quod
607 618 653 694 de
685 617 785 694 malo
822 619 1078 698 Drrnaasnxsr

111 743 243 818 clariss.
270 743 428 818 Bmxms
462 755 614 816 testatur
646 744 717 840 (ι),
749 741 851 840 signa
882 739 1079 841 prodromo

110 879 304 966 eapropter
320 889 341 938 a
357 862 539 965 plerisque
559 859 713 936 medicis
729 859 788 937 vel
811 859 958 936 silentio
979 887 1079 963 prae·

109 986 207 1060 teriri
225 983 287 1062 vel
310 986 450 1084 negari,
471 982 573 1084 quod
588 983 701 1056 serius
722 983 842 1058 vocati
859 995 1081 1060 tantummo-

109 1105 155 1181 do
181 1092 353 1206 aegrotos
373 1107 447 1179 iam
472 1103 599 1180 adulto
624 1101 722 1178 malo
748 1105 903 1203 graviter
929 1103 1079 1182 afflictos

108 1227 278 1304 viderint.
307 1227 412 1301 Hane
430 1227 645 1328 opinionem
662 1225 881 1301 confirmant
905 1225 1011 1302 effata
1029 1229 1080 1302 vi·

107 1373 251 1448 rorum,
280 1347 412 1451 quibus
433 1373 502 1422 nec
525 1347 654 1446 iidem,
675 1371 794 1448 neque
819 1351 1081 1450 experientiam

107 1495 304 1570 possumus
320 1469 503 1569 derogare.
523 1470 695 1544 Dissertis
711 1469 848 1544 etenim
863 1471 1080 1570 perspicuis·

107 1618 176 1692 que
204 1591 334 1687 uerbis¹
358 1590 478 1681 morbi
503 1591 608 1665 initia
642 1588 873 1666 doctissimus
907 1588 1081 1668 describit

23 1779 26 1784 A
108 1715 269 1790 Msucon
302 1713 374 1814 (a),
406 1695 570 1814 locuples
584 1695 589 1707 Χ
603 1712 770 1814 fidusque
795 1713 918 1811 testis,
952 1727 1080 1815 utpote

109 1837 171 1936 qui
206 1823 368 1910 eundem
400 1859 477 1910 non
518 1833 651 1914 solum
667 1859 711 1908 ex
742 1838 909 1935 eutopsia
942 1838 1080 1934 egregie

109 1957 303 2056 cognovit,
328 1981 455 2032 verum
480 1957 591 2030 etiam
606 1954 750 2055 collegii
768 1954 999 2056 amplissimi,
1022 1983 1082 2030 cu·

108 2079 166 2151 iua
192 2091 272 2152 erat
297 2079 519 2178 penitiorem
544 2076 615 2154 sibi
641 2076 688 2151 de
713 2075 924 2154 abstrusiori
949 2063 1079 2184 morlio

109 2219 321 2300 comparare
362 2200 556 2300 notitiam,
587 2197 739 2298 sodalis,
772 2201 1079 2290 renuntiationes,

110 2345 200 2419 quas
227 2318 378 2420 singulis
404 2322 509 2394 annis
542 2322 687 2396 mittere
717 2319 948 2422 Norvegiacis
981 2324 1081 2396 incu-
1198 2315 1200 2320 ¹

108 2439 191 2516 buit
215 2441 388 2534 medicis,
414 2441 586 2516 facillime
609 2442 711 2517 adire
726 2440 885 2544 ideoque
909 2467 954 2518 ex
978 2443 1080 2516 uber-

110 2563 210 2636 rimis
247 2564 526 2664 certissimisque
563 2565 687 2666 potuit
724 2561 887 2639 fontibus
925 2561 1079 2639 haurire.

111 2681 253 2757 Eadem
275 2685 420 2785 quoque
447 2686 559 2758 Murus
576 2687 624 2781 (3)
634 2743 647 2776 ,.
661 2687 718 2762 vir
732 2684 841 2786 longa
860 2687 1081 2788 experientia

113 2801 266 2896 celeber,
296 2831 459 2907 expresse
487 2821 760 2906 conrmemorat3
792 2831 910 2909 neque
926 2810 966 2884 in
986 2833 1082 2907 egre·

118 3272 156 3338 (ι)
172 3269 225 3328 Om
243 3271 296 3328 den
314 3273 491 3328 Ditmarsiske
509 3274 589 3345 syges
603 3273 640 3326 Al
650 3274 790 3330 Etatsraad
806 3292 839 3346 og
853 3273 974 3345 Liviaege
996 3273 1075 3342 Basr-

170 3378 210 3414 ms
217 3361 423 3426 (commentatio
432 3364 518 3434 regiae
529 3363 650 3416 societati
656 3363 774 3417 medicae
781 3364 919 3418 Hafniensi
925 3382 995 3419 anno
1005 3368 1077 3419 1810.

171 3451 328 3519 praelecta).
347 3450 426 3504 Vide.
443 3451 511 3503 Bibl.
529 3451 571 3504 sor
588 3451 699 3520 Laeger,
717 3451 781 3518 ted.
800 3451 903 3510 xbtvn.
925 3455 994 3508 1813.
1007 3473 1033 3524 p.
1052 3455 1076 3522 4.

119 3539 155 3602 (a)
177 3539 374 3608 Underretning
405 3557 448 3592 om
479 3539 646 3609 liadeeygens
673 3540 858 3610 Kjendetegn‚
888 3543 1015 3612 Aarsager
1043 3561 1077 3611 og

173 3626 344 3680 Helbredrlso
363 3627 391 3679 af
405 3627 434 3681 C.
452 3628 481 3681 E.
500 3629 610 3681 Messon
628 3628 734 3682 Kbhvn.
757 3631 827 3700 ¹593·
846 3648 890 3702 pp.
909 3633 925 3684 8
943 3639 971 3684 et
987 3649 1062 3703 sequ.

121 3713 158 3778 (3)
174 3715 225 3768 Om
242 3715 359 3770 Norrska
381 3717 541 3786 Radesygen.
560 3716 596 3768 Af
615 3717 684 3769 snas
709 3718 796 3771 Murra.
815 3720 885 3772 Vide
909 3719 1003 3786 Kongl.
1022 3721 1075 3774 Ve-

175 3803 299 3877 tenskeps
317 3805 489 3861 Academiene
508 3805 672 3877 Handliogar
689 3807 731 3862 [ὃν
748 3815 778 3860 tir
799 3809 869 3862 18152
887 3826 914 3880 p.
934 3809 974 3860 23.
