2626 4470
246 312 313 361 roa

215 414 289 509 jam
313 407 429 479 Duces
455 404 506 504 (1)
532 417 685 476 testatur
710 415 748 474 et
770 401 894 474 Liuor
921 406 988 495 (a),
1015 399 1078 501 qui
1109 429 1175 503 127

217 529 321 600 annis
335 541 419 626 post
432 526 593 624 scripsit,
609 524 811 620 confirmat3
833 547 942 622 quare
956 521 1052 594 illiu's
1069 524 1176 596 etiam

217 645 286 720 viri
313 645 475 747 tempore
510 643 710 716 insularum
734 643 1013 716 Faeroeensium
1036 642 1177 716 incolae

218 767 288 840 alia
313 769 433 840 minus
458 764 612 840 molesta
627 765 782 862 negotia
807 788 987 861 exercere,
1011 789 1044 838 v.
1071 789 1101 836 c.
1124 767 1176 838 rei

218 864 424 989 pecuariae,
449 888 661 987 praesertim
687 885 848 982 orarias,
874 909 1023 984 operam
1044 909 1177 960 narare

219 1008 418 1108 rudemque
443 1005 568 1079 lanam
592 1007 633 1080 in
657 1006 756 1081 varia
778 1005 941 1104 corporis
962 1018 1179 1104 tegumenta,

217 1128 356 1202 tibialia
380 1126 577 1228 imprimis,
604 1127 755 1202 artificia
779 1151 891 1198 manu
917 1124 1101 1242 elaborare
1131 1127 1179 1199 ad

219 1262 431 1348 exterosque
464 1247 641 1322 devehere
674 1249 898 1347 inceperunt.
930 1244 1069 1320 Verum
1099 1270 1180 1320 mu-

219 1383 294 1442 tata
330 1368 420 1441 haec
452 1367 602 1445 vivendi
638 1370 732 1441 ratio
767 1363 993 1467 providaque
1028 1365 1179 1467 leprosis

219 1489 430 1563 hominibus
454 1491 494 1561 in
516 1489 674 1588 seposito
695 1483 779 1590 loco
795 1487 967 1562 medendi
984 1513 1071 1562 cura
1086 1513 1183 1562 mor-

219 1609 258 1683 bi
301 1611 562 1683 extinctionem
601 1609 759 1682 effecisse
797 1609 976 1684 videntur.
1019 1611 1183 1684 Lmorro

220 1733 356 1804 etenim
382 1757 447 1830 per
477 1731 707 1830 septennium
742 1733 1000 1833 (1791-1798),
1035 1756 1107 1831 quo
1141 1732 1194 1804 in·

220 1847 320 1922 hisee
346 1850 471 1923 insulis
498 1852 725 1924 sanctissimo
747 1850 949 1925 sacerdotio
966 1835 1184 1950 praefuerat,

222 1967 296 2042 duo
314 1969 542 2044 solummodo
565 1963 700 2068 aegroti
722 1987 975 2061 occurrerunt,
999 1975 1060 2072 qui
1081 1971 1186 2074 lepra

221 2087 343 2162 afflicti
370 2089 616 2163 iudicarentur
642 2092 701 2194 (3).
728 2091 848 2183 Quam
873 2092 922 2165 ob
946 2092 1065 2165 morbi
1093 2095 1185 2166 rari-

222 2225 334 2282 tatem
361 2235 473 2310 quum
498 2237 564 2311 per
587 2213 709 2312 plures
727 2237 841 2286 annos
858 2214 1111 2286 nosocomium
1129 2239 1187 2286 ac-

221 2333 330 2427 grotis
356 2345 531 2429 vacasset,
568 2333 608 2404 in
641 2329 752 2405 alium
788 2360 893 2406 usum
922 2348 1189 2408 commutatum

222 2430 291 2522 suit
316 2465 424 2550 atquc
450 2453 654 2525 inititutum
680 2455 741 2552 (4).

294 2567 432 2643 Verum
456 2571 594 2644 insulae
621 2572 863 2646 Faeroeenses
884 2599 959 2646 non
977 2572 1073 2646 solae
1100 2590 1187 2649 sunt

221 2702 335 2760 terrae
369 2704 512 2762 nostrae
544 2689 708 2766 boreales
744 2708 886 2791 partes,
925 2685 1014 2792 quas
1054 2693 1185 2768 eadem

220 2807 310 2880 baec
337 2809 530 2882 methodus
544 2865 555 2907 ‚
594 2817 695 2911 cujus
721 2813 915 2886 utilitatem
940 2827 996 2886 tot
1021 2816 1186 2910 gentium

224 2929 483 3028 nationumque
512 2917 662 3003 lristobia
690 2933 898 3030 confirmat,
925 2957 945 3004 a
970 2931 1076 3004 foeda
1101 2932 1186 3005 labe

222 3049 374 3130 intactas
400 3064 508 3148 atque
534 3051 724 3128 inviolatas
741 3066 859 3131 servat
867 3080 883 3150 3,
895 3051 1092 3157 nonnullae
1111 3068 1186 3126 ete·

202 3168 300 3240 'nim
326 3182 401 3241 tam
418 3170 547 3268 'magni
572 3171 716 3271 imperii
742 3173 881 3244 Russici
895 3227 905 3270 7
939 3197 1048 3271 qnam
1074 3174 1188 3272 ipsius
1225 3161 1234 3180 ⁸

192 3517 195 3524 ¹
226 3532 266 3590 (1)
293 3528 319 3578 L.
339 3544 360 3578 c.
379 3545 404 3596 p.
423 3545 480 3598 279.

226 3619 265 3679 (a)
286 3617 316 3667 L.
334 3631 357 3666 c.
376 3635 401 3686 p.
420 3617 479 3668 385.
