2626 4470
259 230 328 313 rio

226 359 343 434 causis
373 351 630 454 modificatur,
662 375 773 455 quem
807 351 919 428 etiem
935 361 936 366 '
950 351 1198 466 diversimode
1265 432 1270 440 ,

224 461 332 554 αάίῖοἰ
357 494 482 580 posse,
506 475 652 564 ueritati
678 459 968 552 consentaneum
994 490 1060 553 est.
1139 525 1151 548 .

298 599 343 672 Iu
368 612 494 672 nostro
520 609 644 670 autem
664 601 755 670 casu·
768 595 973 671 mortifica.
986 612 1196 696 momenta,

180 747 184 756 ·
222 721 338 820 magis
362 713 631 815 ventriculum,
661 731 699 792 et
724 731 884 818 systema
910 719 1106 817 gnstrioum
1131 717 1195 792 ad·

222 842 325 942 gredi
356 841 550 939 videntur,
587 838 652 916 ubi
688 840 904 940 praeprimis
939 841 1121 938 vegetatio
1156 854 1194 915 et

223 964 390 1040 incitatio
406 960 647 1060 adulteratur,
666 981 708 1034 ac
725 961 849 1042 atonis
868 960 1065 1036 inducitur.
1084 959 1195 1038 Nunc

222 1111 309 1160 vero
344 1082 753 1183 organis'regetationis
784 1082 836 1154 ita
869 1079 1098 1156 labefactatis
1109 1141 1121 1182 ,
1148 1109 1193 1158 ao

220 1205 352 1280 iisdem
375 1225 518 1304 semper
541 1201 788 1302 perstantibus
824 1205 1022 1278 momentis
1052 1203 1199 1280 morht·
1230 1186 1235 1197 ¹

221 1327 325 1423 feris,
353 1349 463 1400 nemo
494 1322 709 1421 mirabitur,
740 1324 771 1396 si
797 1349 818 1396 e
845 1324 1100 1422 nutrimento,
1129 1327 1193 1399 ,uti

223 1445 473 1543 est-crudum,
491 1442 587 1520 male
608 1457 800 1544 paratum,
821 1445 1041 1546 fastuosum,
1063 1446 1192 1546 inane,

218 1569 388 1642 materies
413 1564 460 1638 ab
487 1565 632 1640 actione
646 1564 749 1640 vitali
771 1565 964 1666 deperdita
987 1581 1025 1642 et
1050 1565 1194 1645 destru-

206 1705 279 1795 ,eu
291 1745 303 1790 ,
327 1688 547 1787 organismo·
568 1686 719 1776 animali
746 1686 870 1762 debita
896 1691 1099 1788 quantinte
1112 1745 1124 1789 ,
1154 1705 1195 1766 et

219 1811 267 1884 ad
291 1809 531 1885 necessariam
561 1809 757 1906 organismi
782 1809 939 1883 formam
973 1809 1194 1885 adcommo-'

221 1931 304 2006 data
313 1987 325 2032 ,
339 1933 492 2004 minime
508 1929 649 2004 extrahi
666 1931 791 2030 possit.
810 1929 1045 2032 belilicatio
1062 1933 1175 2030 igitur
1179 1989 1192 2032 ,

219 2067 257 2127 et
280 2052 547 2151 sanguificatio,
572 2077 618 2125 ac
642 2053 814 2151 organica
830 2055 996 2148 materia,
1025 2079 1118 2153 quae
1145 2079 1191 2130 ex

218 2172 305 2248 inde
337 2199 403 2275 per
426 2172 638 2248 nutritionis
672 2173 887 2272 processum
917 2171 1097 2252 elaborari
1123 2173 1192 2248 de-
1303 2235 1304 2240 ,

216 2287 333 2393 heret,
351 2295 503 2374 minime
528 2293 577 2368 ad
599 2291 766 2367 debitum
781 2293 1017 2396 perfectiouis
1036 2294 1191 2370 culmen
1302 2357 1303 2360 ,

127 2413 130 2418 ’
216 2415 335 2492 evolvi
353 2429 484 2516 potest.
510 2411 815 2514 Metamorphosis
830 2429 1024 2517 propterea
1050 2417 1117 2490 sic·
1132 2417 1186 2492 dt-

216 2551 275 2616 cta
289 2538 529 2639 progressiva,
546 2561 569 2612 a
585 2561 758 2637 processu
776 2536 899 2637 vitali,
919 2550 997 2612 tam
1012 2537 1189 2640 inquan-
1301 2577 1302 2593 r

215 2659 343 2758 titato,
369 2683 479 2759 quam
511 2663 585 2758 jam
616 2655 660 2746 in
690 2655 864 2757 qualitate
897 2671 1099 2758 peccante,
1130 2660 1188 2734 ita
1300 2679 1301 2715 ³

214 2782 408 2878 retinetur,
434 2791 476 2852 ut
500 2777 919 2878 materia-organisanda
944 2780 984 2852 in
1009 2779 1191 2878 gradibus
1299 2819 1300 2837 r

215 2900 448 2976 inferioribus
463 2899 669 2974 detineatur
681 2925 758 2974 non
772 2899 891 2975 solum
899 2956 910 3000 ,
921 2925 1050 2976 rerum
1063 2902 1190 3023 eti*
1297 2983 1298 3008 ,

213 3037 365 3125 propter
388 3039 602 3123 processum·
623 3019 774 3098 vitalem
798 3023 845 3112 in¹
873 3020 1046 3122 qualitate
1079 3021 1186 3112 aber.-
1297 3051 1298 3054 ¹

213 3159 375 3244 rentem,
393 3143 618 3246 productum
643 3141 820 3218 abnorme
836 3167 1028 3242 exsurgere
1041 3141 1187 3218 debeat
1296 3197 1297 3205 κ

288 3265 388 3340 Haec
414 3289 492 3341 non
517 3264 566 3340 ad
590 3263 757 3340 debitum
781 3251 1185 3366 perfectionis‘culmen
1295 3303 1296 3327 r

212 3384 367 3486 elevata,
391 3401 431 3462 et
454 3387 676 3489 productum
699 3389 830 3460 sistens
853 3386 1086 3486 morbosum,
1103 3413 1184 3460 ma·
1294 3403 1295 3449 t

212 3508 319 3580 teries
344 3531 431 3608 prae
457 3507 628 3582 omuibus
654 3511 864 3606 in'organis
886 3508 1184 3582 abdominalibus
1293 3509 1294 3571 l

208 3627 353 3704 videtur
369 3629 541 3728 residere,
558 3627 724 3732 sanguini
741 3623 1027 3730 communicari,
1042 3645 1082 3706 et
1098 3655 1180 3729 spe·
1292 3617 1293 3693 l

210 3747 355 3825 oileum
380 3773 591 3854 processum
614 3751 827 3830 morbosum
862 3749 1058 3833 inducere:
1091 3751 1181 3828 hino
