2628 4476
66 332 72 345 '
133 336 207 434 ipse
234 331 635 431 detracta,'subiacens
661 335 756 407 eutis
782 347 845 408 aut
871 349 1022 410 cruenta
1044 244 1106 440 a9p-

130 470 232 557 paret
249 469 316 530 aut
334 481 402 558 per
417 455 668 534 tenuissimam·
692 455 813 532 adhuc
839 457 1105 560 epidermidem

131 579 262 654 rubida
281 577 495 654 translucet.
515 577 615 669 Isau,
630 577 738 680 longe
755 577 1019 657 eruditissimus
1037 587 1106 684 vir,

130 700 202 801 rus
214 715 252 774 et
274 699 445 788 rr'obnec
461 725 538 796 non
555 699 702 800 kretfiie
718 727 796 776 esse
815 701 1012 779 Sv'eeorum
1030 705 1108 807 ruf
1154 739 1157 746 ·

128 837 381 924 wucognata
406 823 524 910 verba.
543 837 713 924 testatur,
728 823 882 926 'illisque
908 827 948 901 in
980 823 1106 927 lingua

130 941 376 1020 Alemannic'a
401 947 551 1046 lepram,
567 947 674 1020 sicuti
691 945 789 1047 apud
809 947 1108 1047 Angla-Saxones
1173 1007 1177 1012 ,

129 1067 202 1142 hoc
230 1095 253 1140 a
282 1070 378 1143 cutis
403 1067 573 1144 scabritie
608 1069 790 1169 leprosum
824 1067 990 1145 denotari
1024 1097 1108 1173 per-

131 1189 237 1265 hibet
265 1195 353 1290 (1),
386 1191 463 1292 vel,
495 1201 537 1266 ut
571 1189 650 1264 aliis
675 1189 1036 1293 loquarsmorbum‘
1062 1197 1108 1270 iis

15 1371 17 1382 ,
93 1311 313 1413 ‘indicari,
340 1311 451 1415 quem
479 1311 667 1388 evolutum
702 1311 851 1395 demum
884 1329 994 1417 atque
1028 1341 1109 1392 ma-

128 1449 278 1535 turum,
304 1435 359 1508 uti
383 1447 511 1536 postea
544 1433 657 1508 fusius
691 1432 927 1536 disceptaturi
961 1461 1108 1538 sumus,
1145 1461 1147 1468 ’

130 1561 298 1660 squamis
338 1558 513 1633 crustisve
545 1555 698 1662 prodire
741 1557 908 1633 omnium
946 1572 1108 1634 actatum

130 1680 307 1756 homines
334 1677 576 1754 crediderunt.
602 1677 835 1780 Usurpantur
855 1703 943 1756 vcro
964 1682 1005 1754 in
1020 1679 1111 1757 Nor·

131 1806 261 1903 vegia,
288 1817 379 1878 teste
400 1803 610 1900 Htunscurr,
637 1799 683 1874 de
709 1801 866 1901 piscium
892 1799 981 1902 pelli
1005 1803 1112 1896 Rau,

81 1985 85 2007 .
131 1923 536 2006 Raad-Isl‘andorum
552 1925 623 2000 rod
637 1923 702 2024 (2)
726 1923 935 2024 propinqua
952 1925 1110 2000 vocabu-

14 2025 16 2054 ’
83 2059 87 2064 ’
133 2047 277 2122 la--et
294 2045 340 2121 dc
357 2048 517 2147 squamis
542 2044 743 2120 eorundem
759 2045 880 2146 Rauss
899 2043 977 2146 (3),
996 2070 1108 2148 quae,

135 2171 280 2245 etiarnsi
304 2171 424 2270 primo
452 2168 605 2264 forsitan
629 2167 766 2252 intuitu
792 2165 839 2240 ab
866 2167 1039 2243 omnihus
1065 2167 1109 2242 il·

128 2287 179 2366 ·lis'
195 2307 323 2392 etymo
338 2291 490 2390 ipsaque
505 2291 543 2365 vi
556 2287 726 2364 recedere
742 2286 952 2386 videantur,
968 2301 1110 2388 tamen,

133 2415 164 2486 si
199 2412 404 2488 accuratius
444 2409 739 2510 considerentur,
777 2435 823 2484 ex
861 2409 990 2486 eadem
1029 2435 1111 2486 csse

135 2537 249 2636 stirpe
274 2533 464 2635 progenita
494 2535 555 2609 vix
586 2531 677 2607 falso
711 2530 931 2634 iudicantur.
956 2531 1108 2606 Etenim

130 2656 176 2732 in
198 2656 334 2757 linguis
357 2653 450 2731 adeo
479 2655 659 2758 cognatis,
678 2668 787 2755 atquc
814 2653 1109 2756 septentrionali-

137 2772 208 2854 bus
233 2779 389 2876 nostris,
410 2773 596 2863 resalium
621 2789 658 2850 et
682 2773 1015 2876 diphthongum,
1038 2777 1112 2848 irn-

135 2901 266 3000 primis
283 2925 331 2975 aa
344 2901 388 2974 vin
404 2924 456 2974 au
472 2897 531 2974 vel
556 2886 606 2972 in*
622 2889 827 2998 sin'rplicem
852 2921 877 2971 a
902 2909 951 2970 et·
965 2923 1004 2991 u,
1029 2917 1108 2969 non

459 3121 465 3136 e

438 3161 802 3190 m

141 3328 181 3392 (ι)
198 3326 315 3380 Glossar.
333 3305 492 3396 Siicgothic.
509 3298 587 3378 duct.
605 3324 650 3380 Jo.
670 3325 741 3378 Issus.
757 3297 838 3396 Upsal
855 3320 1039 3380 Mucctxtx.
1055 3322 1103 3376 sci.

197 3433 256 3468 vce.
273 3413 378 3481 Rufiva.

140 3504 179 3570 (a)
195 3505 314 3558 Lexicon
334 3502 719 3558 hlasein-taurominitan
739 3503 894 3558 Bressnurtrs
914 3502 1105 3558 ffiuneusorur,
1227 3565 1229 3568 Ι

196 3592 236 3646 Ex
253 3593 439 3666 manuscriptis
456 3593 536 3662 legati
553 3592 804 3661 Arna-Magnaeani
821 3607 886 3646 cura
908 3591 936 3644 1³..
961 3589 994 3643 K
1014 3589 1105 3644 nesus

199 3681 310 3735 editum.
333 3681 412 3735 Hain.
431 3679 621 3736 MDCCCXIV.
639 3681 663 3748 4.
681 3698 740 3734 vce.
759 3681 819 3734 rod.

143 3769 182 3849 33)
199 3769 233 3824 V.
252 3769 340 3826 Gloss.
357 3770 452 3840 Hailag
470 3770 520 3849 sub
538 3769 631 3825 vocab.
649 3771 724 3840 Bac,
743 3769 833 3839 Raad,
852 3761 945 3824 Bccss'.

267 3884 291 3934 J.
309 3881 516 3938 Frank-Vol.
535 3877 573 3936 11.
651 3889 657 3909 ¹
1016 3875 1048 3925 Ε*
