2612 4474
174 333 175 338 ,
978 269 1051 350 215

100 395 264 472 tumidae
296 393 508 497 priusquam
531 391 582 470 ad
612 406 749 476 statum
780 393 887 470 illum
912 397 1082 473 oarciuoe

99 533 285 594 matoaum
300 518 578 618 pervenientia
594 505 755 592 tumores
768 515 880 594 hodie
896 517 1077 618 aweplua·

102 641 215 716 lor'des
230 651 480 740 nuncupatos,
506 637 596 714 olim
620 663 708 713 vero
732 639 841 722 ¹variis
862 638 1078 728 nominibus

102 761 312 860 insignitos,
341 759 558 859 degenerare
587 759 721 836 solent.
755 760 815 836 Sio
848 763 1079 836 Eauareurus

103 873 350 958 nobilissimae
382 881 531 982 virginis
561 880 720 984 pheosae
751 883 939 982 meminit,
973 881 1080 972 ouius
1162 903 1166 908 ·

104 1031 188 1080 crus
214 1005 401 1079 sinistrum
425 1018 609 1080 tumorem
635 1012 690 1098 (ut
721 1006 798 1080 eius
830 1002 952 1083 verbis
981 1007 1076 1095 utar)

104 1141 328 1200 strumosum
353 1128 510 1232 maxime
539 1126 744 1212 difformem
769 1127 984 1204 exhibuerit.
1007 1125 1080 1200 Cu*

104 1248 163 1321 ius
197 1249 337 1347 pueris
374 1247 539 1349 exempla
580 1248 626 1324 ab
664 1251 976 1350 experientissimo
1010 1250 1075 1324 Da.

104 1367 288 1444 Wczaam
312 1395 399 1444 cum
423 1371 604 1446 societate
628 1370 771 1447 Medica
797 1371 973 1446 Caesarea
998 1370 1077 1446 Vil-

103 1491 210 1564 nensi
227 1493 496 1568 communicata
521 1493 631 1580 fuere,
658 1491 857 1594 Judaeum,
878 1491 1079 1568 duodecim

104 1637 222 1686 anuos
254 1626 400 1712 uatum,
433 1612 632 1716 plicatam,
664 1599 769 1688 cuius
804 1614 1077 1692 antibraehium
1207 1627 1208 1630 ’

105 1735 276 1812 dextrum
300 1748 443 1810 tumore
468 1733 731 1836 eneephaloide
754 1736 795 1810 in
825 1738 932 1812 tertia
955 1735 1080 1846 morbi

105 1855 260 1960 periodo
289 1839 479 1954 obsessum
511 1871 605 1958 erat,
637 1857 797 1934 vidimus
811 1855 907 1959 'ipsi
942 1849 1078 1950 Quales

107 1977 303 2054 abmrmes
336 1979 615 2052 ‘extremitatum
656 1981 886 2080 superiorum
927 1980 1079 2055 inferio-

105 2125 263 2201 rumque
296 2113 481 2200 tumores,
515 2080 660 2179 Medici
682 2103 723 2176 in
755 2101 877 2202 leprae
911 2100 1079 2180 doctrina

104 2221 240 2298 versati
261 2247 347 2296 eum
371 2221 444 2297 illis
469 2223 510 2296 iu
526 2221 766 2324 elephantiasi
793 2222 910 2300 obviis
935 2247 1080 2326 eompa-

85 2365 187 2419 'rare
213 2342 342 2418 solent
685 2343 690 2354 ’
733 2357 738 2370 “

235 2585 449 2678 Cerebrum,
473 2588 634 2662 medulla
660 2588 828 2689 spinalti,
853 2592 951 2672 nervi

406 2733 606 2810 eorumque
628 2709 790 2810 plexus..
813 2759 816 2766 -
1014 2823 1020 2834 ·

117 3039 123 3046 ¹
184 2949 284 3024 Inter
307 2953 396 3026 vitia
422 2951 557 3030 cerebri
579 2950 735 3053 plieosa,
769 2951 931 3052 primum
954 2950 1078 3026 locum

108 3070 284 3174 cephalea
301 3073 453 3148 obtinet.
468 3074 571 3167 Quae
589 3071 701 3158 modo
721 3071 884 3156 futurum
900 3072 1082 3146 trichoma

110 3219 156 3267 ex
172 3193 373 3296 longinquo
389 3196 594 3297 praeeedit,
610 3193 724 3269 modo
745 3195 951 3293 comitatur,
967 3192 1080 3272 modo

107 3319 187 3393 eius
200 3320 464 3420 separationem
478 3317 536 3392 vel
553 3321 662 3398 etiam
680 3305 922 3417 spontarieum
938 3314 1082 3418 lapsum

106 3439 281 3540 sequitur.
295 3439 389 3514 Utut
404 3442 461 3540 sit,
479 3439 569 3514 haee
589 3437 761 3540 cephalea
776 3439 877 3514 omni
895 3435 963 3530 alia
982 3439 1082 3512 terri·

109 3559 220 3650 bilior
245 3575 403 3668 apparet
431 3563 544 3638 Vides
575 3559 1082 3670 enim'aegros‘desperantes

109 3681 286 3756 ambabus
299 3683 467 3790 manibus
481 3697 591 3787 caput
603 3681 808 3759 volutantes
824 3681 921 3756 inter
937 3679 1000 3754 diu
1018 3705 1081 3754 no-

109 3819 244 3907 ctuque
261 3832 337 3882 nou
349 3834 416 3911 per
427 3803 698 3886 hebdomadam
715 3830 828 3904 uuam
840 3802 900 3882 vel
918 3801 1080 3902 alteram,
