2628 4476
74 153 299 333 ⁵⁰

222 325 476 408 exanthemata
501 351 571 403 nos
596 327 751 429 professi
777 330 931 404 suimus:
954 336 1198 434 squamas'sc.

222 450 365 526 efficere
390 451 531 550 generis
556 441 1092 552 principalemcharacterem,
1118 455 1194 558 hoc

221 598 335 672 genus
367 597 444 646 non
474 573 545 648 nisi
579 571 787 676 bipartitam
829 601 923 675 esse,
955 577 1195 678 ejusdemque

168 675 182 746 .'
221 693 325 772 hams
345 695 498 792 formas,
517 692 723 778 tuberosum
748 698 883 799 pariter
908 721 951 772 ac
968 722 1053 773 vere
1078 725 1194 801 squa-

220 843 379 915 mosam,
404 814 555 889 tandem
577 817 618 890 in
642 842 817 919 squamas
838 819 949 894 abire.
973 819 1211 914 Verumqina

166 980 181 1024 ο,
220 963 338 1038 genus
360 935 550 1010 latendum
576 951 646 1038 est,
674 945 726 1014 ex'
742 939 806 1037 iis,
831 965 923 1040 quae
949 942 1084 1040 scripta
1105 940 1191 1014 reli·

175 1145 193 1168 „=
220 1061 367 1160 qucrint
392 1059 534 1159 antiqui
558 1059 710 1158 medici,
737 1059 778 1134 id
802 1085 880 1134 non
905 1085 1019 1161 posse
1044 1053 1193 1160 penitus

218 1183 315 1278 erni3
353 1204 473 1280 neque
504 1193 607 1253 tanta
627 1179 852 1282 simplicitas
877 1193 955 1256 erat
993 1207 1035 1256 ea
1073 1195 1193 1258 aetate
1230 1198 1236 1269 2

219 1301 482 1402 exspectanda,
507 1327 601 1403 quac
614 1357 630 1401 ,s
657 1303 698 1376 in
723 1301 917 1396 subtilibus
943 1302 1193 1378 distinctioni·

103 1497 107 1504 ,
217 1421 290 1498 bus
312 1411 543 1519 inveniendis
567 1435 706 1498 retrusa
727 1426 945 1525 penitusque
968 1423 1110 1523 abdita,
1131 1451 1194 1498 re·

217 1571 302 1620 rum
326 1548 513 1620 unitatem·
530 1559 569 1618 et
592 1544 824 1622 harmoniam
848 1545 1045 1646 sprevisse,
1068 1571 1192 1648 neque

172 1745 176 1754 ,
218 1665 433 1743 notionibus
449 1665 703 1740 humilioribus
720 1660 769 1742 ud
789 1665 1017 1742 sublimiores
1034 1667 1193 1743 referen-

219 1787 277 1862 dis
302 1791 388 1868 satis
414 1814 557 1862 curasse
576 1787 731 1864 videtur.
748 1789 920 1868 Attamen
937 1786 1041 1863 valde
1059 1787 1192 1888 proba·

216 1909 293 1984 hile
318 1924 394 2009 cst,
426 1890 547 2012 neque
579 1909 680 2012 apud
710 1924 851 1988 veteres
879 1909 1002 2012 plures
1028 1911 1193 1986 extitisse

220 2033 403 2106 ”rrfcctae
427 2030 550 2134 leprae
575 2031 711 2108 formas
736 2031 975 2134 principales,
1001 2057 1111 2132 quam
1133 2029 1192 2106 bi-

220 2135 305 2256 ..μή
331 2180 419 2228 nam
444 2179 533 2256 quas
551 2154 1084 2262 leomaactflr'aequenomine
1104 2153 1192 2254 Arm

218 2277 310 2350 bum
334 2277 554 2377 interpretes·
570 2275 842 2358 latinobarhari·
855 2288 894 2348 et
918 2273 1193 2358 Arabistacdm

219 2397 411 2495 scribunt,
435 2421 499 2470 eae
524 2399 585 2472 vix
609 2421 686 2472 non
714 2385 938 2473 Graecorum
966 2394 1112 2495 lepram
1131 2395 1194 2471 vel

188 2511 190 2516 ’
221 2543 453 2618 squamosam
478 2531 641 2592 nostram
668 2521 953 2615 constituerunt,
975 2518 1082 2590 sicuti
1101 2533 1193 2617 qnos

216 2641 423 2740 alopeciam
454 2653 492 2715 et
520 2639 763 2741 elephantiam
795 2624 982 2740 appellant
1013 2637 1068 2713 illi
1080 2691 1092 2735 ‚
1124 2661 1191 2723 eae

220 2757 456 2844 hauddubie
481 2760 615 2836 horum
641 2761 740 2836 fuere
760 2759 1017 2860 elephantiasis
1042 2755 1101 2834 vel
1123 2784 1192 2833 no-

144 2893 145 2896 ’
219 2895 293 2956 stra
318 2881 486 2957 tuberosa
513 2883 649 2981 forms3
675 2895 940 2982 utraque-vcro
962 2879 1069 2962 atad
1086 2905 1192 2981 squa-

120 3073 123 3079 .
220 3028 300 3078 mas
335 3002 546 3080 formandas
584 3003 711 3081 tendat
724 3058 736 3101 ,
773 3003 929 3080 istorum
960 2989 1193 3074 medicorum

221 3120 332 3200 fuisse
357 3125 590 3225 opinionem,
610 3126 671 3199 vix
691 3123 799 3225 plane
817 3121 963 3198 decerni
981 3134 1112 3222 potest
1130 3121 1192 3194 At·

223 3273 293 3352 que
318 3249 415 3342 inter
439 3250 675 3360 recentiores,
701 3247 812 3320 unico
836 3244 990 3322 forsitan
1011 3243 1192 3316 nmmo

223 3383 398 3468 excepto,
430 3372 616 3446 neminem
648 3370 878 3464 invenimus,
911 3367 978 3466 qui.
999 3367 1194 3462 utramque

181 3529 187 3533 ·
223 3491 380 3565 formam
405 3492 446 3564 in
469 3515 638 3592 squamas
654 3471 805 3563 tandem
824 3467 922 3560 altirc
939 3489 1112 3582 testatum
1125 3481 1193 3563 ,ille

225 3625 347 3709 antem
360 3612 404 3684 in
420 3614 560 3712 egregia
573 3612 704 3715 leprae,
723 3595 920 3711 qualemm
931 3605 1058 3680 Indiae
1075 3606 1194 3679 orien-

104 3801 105 3804 t
224 3733 308 3810 talis
331 3731 460 3812 nattis
485 3732 639 3812 eandem
664 3731 827 3832 viderat,
860 3730 1004 3832 pictura
1029 3726 1215 3804 dissertis·
