2612 4474
619 405 623 416 ,
1016 365 1062 414 nn

146 457 236 596 ipsis
260 455 493 534 incunabulis
518 463 712 558 corruptos
731 456 900 534 vidimus
915 457 1013 584 Porp
1037 366 1117 560 pii·

144 581 229 654 rimi
254 577 386 681 plicosi
412 579 599 655 habebant
623 603 772 679 ungues
778 580 960 656 scabros
950 605 1116 658 incurva·

142 717 204 778 tos
212 699 447 802 ,phalanges
471 701 621 777 ultimae
643 701 804 776 nodosae
824 698 1022 801 digitorum
1039 727 1113 778 ma·

30 842 36 850 “
143 847 261 897 ιιιιιιιιι
289 822 499 925 pedumque
524 822 725 900 insidentes
753 849 839 898 cum
866 822 1117 938 musculorum

143 943 469 1022 subteriauentium
501 943 628 1020 dolore
663 948 723 1040 (1).
756 943 974 1020 Cuiusmodi
1006 943 1115 1025 dolor
1206 1043 1220 1050 ο

144 1068 359 1168 praesertim
392 1065 611 1142 recisionem
645 1069 823 1167 unguium
860 1069 962 1168 sequi
999 1065 1115 1166 solet,

146 1189 238 1288 quin
263 1183 373 1262 etiam
398 1199 680 1288 sustentemus,
704 1186 767 1289 qui
793 1189 980 1264 recisionis
1006 1185 1115 1265 huius
1205 1206 1210 1215 '

145 1308 296 1384 effectus
329 1307 527 1410 aliquando
554 1309 672 1384 multo
698 1307 807 1384 latius
832 1312 943 1384 etiam
968 1308 1116 1386 extendi

10 1453 15 1463 ’
145 1428 314 1505 doceant
337 1431 397 1504 Ita
413 1429 469 1504 Dr
487 1453 532 1506 m
550 1431 738 1508 Boreum
750 1429 924 1510 monachi
949 1431 1117 1509 meminit
1230 1481 1233 1486 -

142 1552 257 1626 toties
291 1549 524 1653 ophthalmia
556 1549 757 1627 laborantis
794 1557 936 1652 quoties
977 1577 1115 1650 ungues

145 1670 426 1775 abscindendos
442 1687 586 1748 curaret
602 1678 664 1772 (ι)ι
684 1674 760 1748 Nec
786 1673 880 1772 fugit
896 1697 963 1752 nos
989 1672 1113 1748 obser·

144 1796 244 1868 ,vatio
260 1793 451 1890 Maroerrr
465 1795 641 1870 seminem
656 1793 1115 1896 nobilissimam'plieosem

92 1989 101 2002 ,
144 1939 273 1988 omues
298 1938 438 2014 ungues
472 1916 632 1993 emisisse
659 1907 718 2010 (3)ss
752 1914 931 1992 Universa
965 1914 1115 1990 tandem
1239 1951 1241 1958 v

144 2037 243 2110 eutis
256 2036 490 2137 plieosorum
522 2038 571 2112 ed
610 2041 828 2142 impetigines
861 2037 981 2114 omnis
1006 2061 1115 2138 gene·

143 2160 194 2232 ris
218 2155 442 2234 exhibendus
466 2183 582 2260 prona
610 2173 676 2234 est.
693 2159 785 2234 Prae
808 2157 887 2236 aliis
912 2159 1117 2262 erysipelati

142 2261 410 2372 obnoxiaest,
442 2279 565 2354 ulnera
597 2279 773 2381 adspectu
809 2305 935 2381 saepe
941 2302 1116 2354 oancrosa
1182 2293 1186 2298 '

143 2401 324 2500 imprimis
341 2400 401 2475 ad·
414 2402 657 2479 extremitates
674 2402 866 2479 inferiores
882 2399 1113 2502 relinquenti

142 2517 259 2620 Saepe
278 2526 445 2598 urticatio
463 2548 548 2598 cum
564 2547 708 2602 summo
725 2525 869 2625 pruritu
916 2521 1114 2598 lioosorum

142 2653 266 2717 eutem
299 2640 431 2717 adurit.
464 2643 679 2745 Saepissime
710 2657 833 2718 autem
866 2549 977 2718 deins
998 2655 1113 2741 gutta

143 2781 247 2838 rosea
271 2763 410 2842 nodoso
436 2761 675 2840 deformatur.¹
703 2761 824 2856 Quid?
856 2761 959 2864 quod
990 2773 1112 2839 tantus

142 2905 258 2958 nexus
282 2884 379 2966 inter
403 2876 500 2962 hano
525 2885 779 2987 impetiginem·
794 2875 833 2961 'et
847 2882 1030 2959 trichoma
1047 2879 1111 2955 ob·
1218 2863 1223 2888 ‘

141 3017 321 3103 servatur,
344 3019 389 3080 ut
413 3007 453 3080 in
474 2997 645 3083 ’ancilla
635 3031 677 3080 ιιι
702 3003 803 3083 urbii
836 3017 981 3094 nostrae
1014 3002 1112 3074 Pro·
1215 3049 1220 3075 .

143 3147 374 3202 moruorum
412 3127 529 3237 (Dom
553 3127 899 3236 Dohroozynnosei)
933 3121 1108 3198 auxilium

104 3237 111 3246 ²
144 3261 360 3348 quaerente,
384 3262 422 3326 et
453 3250 521 3340 rite
555 3263 681 3328 curata
713 3245 845 3326 eodem
876 3261 1039 3356 tempore
1074 3255 1111 3316 ot

455 3557 799 3586 Μ

143 3729 190 3792 ,(ι)
206 3725 247 3781 De
264 3724 291 3780 la
308 3725 476 3782 Fontainal.
494 3741 518 3780 o.
536 3725 621 3782 inuste
638 3723 837 3796 Beoboehrung.

146 3812 575 3880 <2)L.atiebente1teobecht.
642 3827 644 3836 ’
946 3816 951 3825 ’

144 3904 185 3972 (3)
203 3901 367 3963 Bibliotheca
383 3901 531 3962 medicinae
548 3899 682 3975 practicae
699 3899 747 3960 lib
764 3900 835 3958 XIV
852 3917 880 3972 p.
897 3898 957 3970 eqo

451 4227 502 4298 s
