2626 4470
258 199 328 286 1³6

226 329 348 404 adbuc
373 327 528 404 rariores
554 339 591 401 et
615 321 809 402 debiliores
826 339 1041 430 tanguntur,
1059 329 1189 406 macies

226 449 435 526 notabiliter
459 448 654 546 increscit,
688 449 907 524 secretiones
941 451 1111 528 morbose
1138 477 1192 527 au·

227 584 380 670 gentur3
403 573 521 670 major
544 593 644 644 nunc
670 570 815 642 aurium
839 595 1005 644 susurrus
1017 626 1028 671 ,
1054 574 1191 672 vertigo

227 692 395 790 gravior,
425 689 596 790 frequens
633 688 820 790 expuitio,
856 688 976 764 delirii
1008 714 1209 788 accessum-

224 812 486 914 pronunciant
507 811 621 886 Fiunt
644 811 786 909 tristes,
811 811 981 909 attoniti,
1007 809 1135 886 cibum
1158 827 1193 888 et

225 945 357 1034 potum
380 944 566 1030 recusent,
592 929 767 1032 adspectu
784 932 879 1006 truci
896 930 1194 1032 obmurmurant,

218 1053 290 1129 ‚atii
315 1066 426 1155 caput
449 1051 524 1128 huc
548 1051 637 1142 illuc
662 1051 838 1128 velociter
862 1055 1038 1152 agitantes
1064 1055 1193 1130 tintin-

226 1172 354 1250 nabuli
378 1197 513 1252 sonum
534 1198 625 1250 voce
650 1175 860 1273 imitantur3
880 1176 1077 1274 sootomia,
1093 1201 1194 1252 men-

217 1297 273 1382 tis
288 1293 486 1393 vconlusio,
512 1296 626 1368 animi
649 1307 803 1396 stupor,
835 1295 1017 1395 amnesia,
1050 1297 1128 1396 ita,
1153 1311 1193 1372 ut

227 1441 298 1492 nec
320 1416 566 1500 recentissime
591 1429 758 1492 actorum
773 1414 1029 1516 recordentur,
1054 1418 1132 1492 imo
1157 1432 1194 1492 et

225 1539 475 1615 usitatissimas
506 1539 754 1640 expressiones
789 1536 1060 1624 obliviscantur.
1086 1537 1193 1614 Nunc

227 1659 384 1734 maxime
407 1657 571 1733 infelices
587 1657 642 1732 illi
658 1659 752 1732 fiunt
766 1653 910 1756 vesani,
935 1657 1116 1736 rarissime
1143 1660 1195 1733 fu·
1296 1647 1297 1656 ἵ

227 1780 376 1856 ribrtndi
387 1836 398 1881 ,
423 1771 631 1880 saepissime
656 1776 937 1878 melancholici,
971 1778 1193 1880 errabundi,
1296 1829 1297 1834 ,

210 1903 301 2000 ita,
326 1914 368 1976 ut
393 1900 613 2004 domesticos
637 1900 779 1999 fugiant
807 1898 925 1998 lares,
957 1899 1195 1976 solitudinem
1296 1913 1297 1922 ’

92 2009 97 2022 ’
136 2079 139 2090 ,
231 2036 426 2123 quaerant,
453 2021 667 2121 clamantes,
692 2019 872 2119 ridentes,
897 2019 1090 2121 ejulantes:
1118 2045 1193 2096 non
1296 2075 1297 2086 κ

229 2142 322 2218 nulli
346 2141 525 2244 religiosi,
549 2141 684 2245 judicia
708 2141 777 2219 Dei
802 2143 995 2240 timentes,
1025 2119 1130 2216 diem
1157 2156 1194 2216 et
1296 2113 1297 2138 Χ

229 2265 378 2340 n‘octem
402 2289 528 2364 preces
554 2262 737 2339 fundunt:
771 2262 832 2337 alii
865 2260 1127 2362 cogitabundi,
1158 2276 1196 2338 et

228 2384 434 2462 immobiles
459 2386 610 2462 minime
628 2383 867 2486 respondent,
884 2383 1047 2484 lugiunt,
1065 2396 1104 2458 et
1120 2406 1196 2486 quo

220 2505 385 2606 badant,
408 2507 586 2580 nesciunt
611 2504 657 2580 In
682 2504 783 2580 bunc
799 2502 1101 2582 statumtandem
1117 2529 1198 2605 per·

230 2627 401 2726 veniunt,
426 2629 466 2704 in
491 2651 565 2730 quo
581 2628 677 2711 vitae
694 2628 867 2732 pertaesi,
893 2650 1038 2701 semro
1063 2623 1199 2728 laqueo
1295 2699 1296 2704 ,

230 2725 480 2850 suspendunt,
513 2749 723 2850 saepissime
756 2749 860 2850 aquis
883 2771 922 2820 se
948 2745 1197 2845 submergunt

231 2868 335 2961 Quae
372 2893 499 2957 omnes
540 2867 659 2944 delirii
688 2871 828 2972 species
861 2891 967 2969 saepe
1005 2892 1073 2967 per
1096 2891 1201 2942 men·
1294 2867 1296 2948 l

230 3013 286 3064 ses
311 2987 433 3092 plures
462 2967 681 3090 perdurant,
709 2992 907 3066 mitescunt
937 2987 1111 3086 tandem,
1140 2987 1202 3064 de·

232 3124 527 3186 nuorecurrunt.
553 3111 659 3187 Hanc
684 3113 725 3186 in
750 3097 862 3212 aquas
887 3121 933 3184 se'
951 3111 1200 3212 praecipitan-

231 3229 272 3304 di
299 3229 556 3332 cupiditatem,
584 3231 862 3332 hydromonicm
888 3231 1049 3328 dictam,
1069 3229 1118 3310 ab
1143 3233 1199 3306 in·
1295 3295 1296 3298 ,

231 3350 347 3446 gentis
373 3352 466 3426 cutis
490 3353 674 3454 pruritus,
704 3366 751 3428 et
769 3349 911 3429 ardoris
940 3334 1201 3426 molestissima

217 3471 436 3544 sensatione
461 3486 632 3575 repetunt
657 3496 734 3564 non
764 3471 865 3548 nulli.
892 3471 992 3548 Haec
1017 3472 1200 3548 miseran·

233 3587 280 3662 da
317 3589 508 3693 conditio,
542 3592 816 3672 remissionibus
842 3591 1200 3669 exacerbationibus-

233 3733 303 3811 que
329 3708 510 3790 alternans
516 3751 530 3818 ,-
553 3739 620 3818 per
637 3713 966 3821 onnosperdurare
982 3727 1125 3819 potest,
1151 3739 1197 3790 ac
