2626 4470
276 235 324 336 74

245 352 503 456 semiputridas
517 372 643 428 cernes
655 355 845 454 piscesque
858 355 1095 457 praecipuum
1103 355 1210 462 fuisse

249 475 374 550 cibum
398 475 513 546 Dnnrs
540 479 776 566 testatur-(1).

323 598 368 670 In
392 597 558 672 Islcndru
584 596 754 695 frequens
780 607 834 668 est
848 594 998 669 morbus
1014 596 1113 668 iis'iu
1131 622 1210 696 pro-

240 718 393 818 ·vinciis,
419 717 483 790 nbi
510 716 558 789 ad
583 718 696 790 vitam
711 717 985 790 sustentandam
1000 717 1144 790 incolae
1159 721 1209 817 pi·

247 864 328 914 sces
354 845 500 938 captare
527 851 723 936 coguntur,
756 837 957 910 admodum
989 863 1090 913 rarus
1124 863 1207 912 vero

244 959 410 1058 insiliis,
436 960 675 1060 quaeminus
708 955 885 1032 laboriose
917 982 960 1030 ea
991 957 1207 1056 largiuntur,

247 1105 341 1181 quae
367 1080 415 1152 ad
439 1082 579 1154 victum
600 1079 840 1181 suppeditent.
860 1079 1083 1152 succedente
1101 1080 1207 1178 igitur

244 1201 337 1276 olim
355 1202 562 1300 piscatura,
588 1201 629 1273 in
660 1199 799 1274 boreali
835 1201 911 1273 eius
944 1213 1063 1299 parte,
1098 1226 1205 1301 quam

247 1321 294 1394 ah
322 1321 581 1422 antiquissimis
614 1321 702 1394 inde
736 1319 959 1419 temporibus
988 1319 1090 1419 lepra
1122 1319 1208 1392 affli-

219 1443 749 1520 1otaml'uissexvetustissima
782 1442 1028 1542 manuscripta
1056 1439 1207 1538 docent,

244 1564 366 1666 plures
389 1567 625 1638 occurrerunt
644 1563 796 1664 leprosi,
819 1588 927 1663 quam
949 1585 1045 1634 anno
1063 1562 1208 1634 circiter

249 1683 363 1788 1755,
389 1689 519 1785 quom,
536 1683 685 1757 iubente
703 1685 952 1782 angustissimo
969 1681 1107 1754 Daniae
1122 1705 1205 1779 rege

242 1805 529 1904 moderantequc
554 1806 649 1903 regia
674 1806 846 1878 societ'ate
872 1802 1103 1876 scientiarum
1131 1800 1205 1874 Ha·

244 1925 394 2022 fniensi,
420 1927 581 1999 Omrsrr
606 1939 644 1998 et
665 1925 866 2022 Povrmm,
887 1924 956 1998 viri
982 1921 1201 2019 doctissimi,

242 2070 264 2118 e
289 2044 422 2146 quibus
439 2044 579 2120 >haecce
605 2045 769 2118 desumto
802 2057 904 2142 sunt,
929 2040 1086 2117 insulam
1109 2033 1204 2115 invi-

241 2180 368 2240 serant
392 2169 451 2258 (α).
478 2168 526 2240 nt
550 2179 728 2240 testentur
752 2167 862 2240 etiam
886 2162 998 2238 iidem
1022 2162 1109 2260 viri,
1126 2159 1205 2234 ho-

242 2289 378 2385 mines,
408 2285 725 2386 septentrionalem
752 2285 895 2360 insulae
928 2297 1068 2384 partem
1097 2269 1206 2378 habif
1306 2307 1307 2310 ¹

242 2421 377 2504 tentes,
420 2407 619 2480 salubriore
665 2401 821 2508 gaudere
862 2412 945 2480 aere
982 2404 1204 2502 sanitatique
1306 2427 1307 2432 ¹

241 2541 425 2626 praeterea
450 2531 562 2626 magis
588 2543 829 2617 consentanea
854 2529 906 2600 uti
929 2523 1077 2600 vivendi
1093 2525 1205 2598 ratio-

239 2671 288 2720 ne
314 2647 378 2746 (3)3
403 2673 489 2720 narn
515 2663 628 2748 quum
654 2639 809 2749 piscatio
830 2649 875 2720 ii's
896 2653 1016 2719 minus
1032 2669 1205 2746 prospere

242 2766 367 2867 cedat,
391 2793 468 2844 non
493 2768 611 2848 solum
633 2769 757 2852 altum
774 2794 881 2845 mare
900 2768 1020 2842 rarius
1045 2764 1206 2864 ingredi·
1306 2803 1307 2866 ss

243 2900 355 2960 untur
377 2887 531 2998 ideoque
549 2887 695 2989 frigori
704 2903 742 2964 et
757 2889 916 2963 humori
914 2911 993 2960 sese
1009 2887 1130 2972 minus
1146 2907 1205 2960 ex·
1306 2867 1307 2928 ss

240 2992 401 3108 ponunt,
427 3017 555 3086 verum
580 2995 689 3086 etiam
716 3037 737 3084 a
762 3011 895 3088 nocivo
915 3004 1206 3110 praepingoium‚

239 3153 332 3228 ,quos
358 3129 436 3204 lere
462 3119 559 3206 solos
584 3131 684 3205 istud
708 3153 808 3206 mere
834 3132 917 3230 fert,
949 3128 1125 3230 piscium
1139 3151 1204 3198 esu

395 3363 398 3372 ,
514 3371 516 3376 .

243 3501 525 3657 {misnam
546 3549 649 3647 Eoesir'
669 3554 800 3648 bruscos
821 3609 853 3660 og
881 3589 1080 3662 LandsPlrysici
1100 3581 1201 3646 horn
1306 3625 1307 3684 }

179 3704 181 3709 .
242 3765 282 3834 (3)
299 3679 534 3840 ἷονοειὲικὲὃίἒείεο
550 3675 682 3752 igjennem
699 3681 796 3736 leland.
808 3681 891 3737 Sorte
906 3680 1043 3755 spyrido
1055 3681 1088 3734 D.
1100 3697 1128 3752 p.
1139 3679 1202 3736 68&
1306 3703 1307 3750 p
