2626 4470
954 309 1025 386 117

99 433 165 506 qua
189 403 265 480 sola
295 403 458 478 adbibita
481 385 707 504 'Nbrvcgiam
740 367 975 505 Sveciemque
1006 404 1052 478 de

80 525 216 599 ¹faustis
254 524 451 627 aliquando
488 527 712 626 temporibus
745 525 938 598 laetaturas
974 549 1052 597 esse
1154 585 1157 592 .
1289 497 1290 504 ἵ

99 645 266 736 arbitror,
292 645 423 748 quibus
447 645 546 746 lepra
571 671 650 722 non
682 647 905 746 frequentior
937 647 977 718 in
1007 644 1051 717 iis

100 779 279 856 occurrat,
306 793 416 867 quam
442 766 521 841 aliis
554 767 594 840 in
626 781 742 840 terrae
776 767 907 866 plagis,
939 790 1051 864 quae,

100 884 183 958 olim
221 889 427 986 gravissime
460 900 626 986 vexatae,
660 912 679 960 e
712 887 984 987 sapientissimis
1017 887 1055 956 et

100 1003 299 1080 fortissimis
324 1013 400 1107 ejus
426 1007 651 1082 cohibendae
677 1006 927 1106 iugandaeque
952 1029 1052 1105 prae·

98 1123 193 1198 sidiis
221 1125 488 1202 'saluberrimos
525 1128 665 1200 fructus
705 1128 768 1202 diu
800 1113 1053 1227 perceperunt.

99 1243 235 1334 Quibus
260 1272 347 1322 vero
374 1247 511 1322 auxiliis
537 1249 584 1322 sit
608 1248 756 1323 vivendi
778 1273 890 1346 genus
911 1259 1053 1318 mutan·

99 1361 199 1453 dum,
227 1379 320 1467 quot
344 1379 381 1439 et
406 1368 536 1467 quibus
558 1369 597 1440 in
614 1368 810 1467 provinciis
827 1364 1053 1441 instaurandi

100 1483 246 1584 medici,
271 1501 361 1588 quot
386 1499 422 1560 et
447 1486 598 1560 ubinam
618 1489 828 1561 nosocomio
846 1486 1053 1576 extruendo,

99 1606 282 1704 quomodo
300 1606 390 1680 baec
407 1606 607 1708 balneaque
623 1607 771 1708 publica
787 1606 1053 1707 componenda,

98 1749 168 1822 quo
192 1725 412 1800 scholastica
430 1753 486 1802 res
502 1727 748 1822 emendanda,
766 1726 889 1828 quales
907 1726 1054 1800 demum

98 1841 187 1942 leges
211 1845 361 1947 politiae
386 1848 549 1936 medicae
574 1847 733 1947 dandae,
763 1849 886 1920 omnia
919 1845 1053 1920 haecce

97 1967 283 2064 speciatim
306 1980 524 2067 pertractare
550 1971 761 2069 neutiquam
785 1993 909 2042 meum
928 1967 1053 2040 suitE

98 2097 274 2160 terrarum
298 2089 433 2161 etenim
458 2085 608 2162 historia
633 2116 748 2189 quum
777 2091 875 2164 viam
904 2087 1055 2164 tandem

97 2217 133 2276 et
154 2208 337 2280 rationem
361 2207 610 2283 demonstrare
634 2209 726 2284 mihi
744 2210 967 2308 contigisset,
986 2233 1055 2282 ou·

96 2323 148 2396 ius
173 2351 246 2428 ope
272 2325 513 2403 scandinavia
537 2331 652 2428 possit
683 2327 762 2404 dira
794 2329 875 2403 labe
908 2327 1056 2401 libcrari

96 2445 332 2547 stabilemque
358 2447 404 2522 ab
430 2474 472 2522 ea
501 2452 718 2524 vacuitatem
742 2475 904 2550 sperare,
926 2472 1055 2549 propo·

97 2563 203 2641 situm
229 2591 289 2642 me
314 2582 591 2672 susceptumque
613 2595 746 2645 munus
768 2571 967 2644 confecisse
984 2593 1051 2668 pn·

98 2664 179 2762 un.
