2628 4476
413 57 431 87 Q

982 221 1032 321 te

88 367 165 416 mea
192 337 559 437 centenum-tantam
584 335 785 411 ostendunt
812 363 897 410 cum
930 355 1060 418 nestro

60 527 63 536 .
86 462 340 543 exanthemate
355 447 664 548 similitudinem,
687 439 749 556 ut,
770 459 1061 554 signisinvicem

88 584 249 682 collatis,
285 607 371 656 sane
398 605 474 652 non
499 581 698 680 possimus,
727 581 816 678 quin
851 607 977 656 omnes
1012 587 1060 662 ad
1101 677 1105 686 ¹

86 708 181 781 idem
208 731 325 805 genus
349 704 557 777 referamus.
580 703 752 775 Attamen
774 706 896 800 negari
920 707 1060 806 nequit,

86 821 257 912 sedulum,
281 826 551 900 observatorem
577 837 652 896 tam
677 824 717 894 in
744 820 932 896 hodiernis
957 825 1059 902 hisce

86 949 204 1050 leprae
228 949 376 1045 formis,
398 971 509 1046 quam
525 945 565 1017 in
583 939 857 1019 veteribusillis
879 947 1058 1022 nonnulla
1102 981 1116 1002 ·

84 1068 425 1143 animadversurum
458 1049 551 1139 esse‘x
571 1066 693 1165 signa,
727 1065 860 1166 quibus
895 1069 1056 1143 invicem

86 1215 285 1292 parumper
306 1188 452 1270 ¹differre
473 1186 685 1284 videantur,
708 1188 797 1288 quin
813 1189 910 1293 inter
926 1213 1056 1264 omnes

84 1309 146 1384 has
172 1326 291 1412 atque
316 1323 479 1384 nostrum
501 1307 716 1380 exanthema
733 1307 975 1383 differentiam
993 1311 1055 1386 ati·

85 1458 194 1532 quam
234 1429 520 1506 intellecturum.
564 1428 676 1520 Quod
699 1453 786 1504 vero
833 1429 1055 1532 discrimen,

85 1566 211 1652 utpote
238 1555 282 1628 in
307 1550 405 1626 coeli
433 1563 471 1624 et
494 1553 612 1626 victua
638 1551 779 1623 ratione
807 1549 957 1650 aliisque
980 1553 1055 1632 sor-,
1133 1606 1151 1626 t

85 1674 184 1746 tuitis
211 1673 324 1747 rebus
359 1673 539 1772 positum,
570 1695 647 1747 uon
680 1671 726 1744 ab
757 1672 899 1744 interna
935 1671 1057 1746 morbi

87 1809 216 1870 natura
253 1795 516 1894 proficiscitur3
549 1777 830 1891 conticuique
861 1815 984 1864 rerum
1010 1795 1059 1866 si-

85 1917 257 1992 militudo
282 1914 342 1990 vel
368 1912 625 1987 dissimilitudo
651 1905 848 2014 judicanda
875 1925 949 2012 est,
972 1937 1059 1988 con·

85 2039 225 2111 stantia.
244 2035 357 2110 modo
383 2036 484 2132 signa
509 2034 549 2106 in
577 2059 726 2106 censum
752 2035 917 2110 veniunt.

156 2158 258 2232 Ante
282 2181 370 2230 vero
396 2157 514 2254 quam·
540 2168 831 2254 symptomatum
853 2181 1057 2254 „compara-
1156 2148 1164 2162 ’

86 2279 227 2352 tionem
252 2276 519 2376 relinquamus,
543 2275 702 2351 breviter
736 2275 974 2378 disceptadda
1000 2302 1057 2350 re-
1120 2300 1123 2306 ·
1227 2301 1230 2306 ’

88 2413 155 2472 stat
182 2399 302 2499 gravis
327 2421 369 2471 ea
395 2399 575 2497 quaestio,
601 2422 649 2472 an
674 2401 805 2474 veteris
838 2377 1057 2497 mediaeque

89 2524 214 2595 aetatis
257 2545 326 2594 nec
369 2544 446 2594 non
489 2519 676 2593 hodiernis
725 2509 877 2592 medicis
924 2519 1056 2594 eadem

90 2644 133 2716 ait
159 2641 206 2718 de
233 2666 298 2716 sua
331 2640 432 2743 lepra
466 2644 646 2732 sententia
657 2695 669 2742 ,
703 2655 814 2743 quam
847 2640 895 2716 de
928 2655 1056 2715 nostro
1129 2726 1131 2728 ¹

417 2911 758 2948 ,Μ

137 3047 259 3100 finitima
275 3045 343 3098 mala
359 3011 660 3118 quamproxime'idem
672 3045 815 3115 accedere,
826 3045 889 3098 satis
908 3021 1050 3116 perspicue

99 3146 104 3158 ’
147 3136 236 3190 docet.
259 3129 371 3190 Doct'am
392 3135 462 3191 lituu
483 3133 711 3206 disquisitionem,
729 3135 780 3188 iam
802 3150 873 3188 mnu
900 3135 966 3204 1809
990 3131 1052 3188 con-

124 3291 131 3304 ο
145 3227 284 3296 scriptam,
294 3223 414 3280 facultati
432 3224 550 3282 medicae
563 3223 702 3278 llaluienai
717 3242 749 3278 eo
767 3225 878 3278 consilio
895 3223 996 3292 obtulit
1007 3242 1052 3276 au-

148 3322 216 3382 ctor,
229 3323 261 3366 ut
271 3322 332 3384 post
340 3331 397 3366 eum
410 3312 545 3366 defensam
556 3313 721 3384 Apollineam
733 3319 822 3383 posset
833 3311 951 3384 lauream
963 3331 1052 3384 repon
1168 3335 1176 3350 =

132 3395 211 3456 'tare
229 3402 312 3474 Quod
327 3403 386 3454 lieri
403 3402 490 3458 vetuit
506 3403 579 3470 regia
595 3403 640 3456 lex
657 3403 740 3474 priori
751 3419 822 3455 anuo
834 3403 926 3469 (1808)
937 3404 1048 3470 sancita,

147 3491 259 3548 medicis
280 3491 379 3559 etiam,
403 3492 451 3562 qui
475 3509 591 3544 ammos
614 3491 643 3544 in
667 3499 725 3545 arte
747 3491 862 3546 honoret
884 3491 1052 3563 cupiverint,
1101 3475 1112 3484 ³

146 3579 247 3652 duplex
262 3595 320 3632 esre
337 3581 484 3633 literarium
495 3587 631 3634 certamen
642 3579 820 3636 subeundum.
834 3583 896 3654 Qua
910 3598 974 3635 vero
991 3581 1051 3648 lege

149 3673 297 3736 auctorem,
321 3683 356 3720 ue
379 3667 592 3729 dissertationem
615 3669 669 3722 luci
692 3669 820 3739 mandet,
837 3688 893 3725 non
911 3668 1051 3722 ‹letentum

147 3754 217 3828 lure,
232 3773 339 3814 meeum
353 3775 419 3812 aare
434 3773 541 3829 omues,
558 3761 607 3831 qui
623 3759 752 3834 legerint,
767 3757 845 3818 valde
862 3737 965 3831 dp'tent.
1001 3809 1002 3814 ,
1023 3773 1036 3812 s

106 3865 109 3877 '
214 3869 240 3958 J
257 3867 464 3928 Ferant-Vol.
481 3867 517 3925 11.
569 3921 573 3928 ,
957 3863 993 3954 Ι8
