2628 4476
86 386 186 464 quam
209 356 383 463 praebui,
405 355 492 432 mali
520 353 718 458 descriptio
740 359 903 458 apprime
926 355 1066 460 docet3'
1157 455 1162 464 ι

85 486 234 586 squamis
267 509 355 562 vero
389 495 533 558 tantum
570 480 718 582 tribuo,
754 483 838 582 quia
876 481 1048 582 regularis
1135 559 1138 566 ,

86 621 201 682 earum
226 606 401 682 formatio
434 599 681 704 nutabilisque
717 603 877 678 densitas
907 617 952 679 et·
977 631 1051 682 rna·

86 726 229 826 gnitudo
254 703 429 804 morbum
455 724 501 799 ab
529 723 698 802 affinibus
727 725 918 826 generibus
951 752 1051 828 egre·

85 849 134 946 gie
158 847 398 953 distinguunt.
416 831 563 922 'Verum
584 873 758 950 squamae
778 847 849 922 hae
869 872 948 924 non
973 829 1052 924 uni·

86 994 142 1042 cae
172 970 378 1046 censendae
415 985 501 1046 sunt
537 985 647 1046 notae
660 1027 671 1070 ,
710 969 845 1073 quibus
884 970 1052 1048 induitur

42 1123 46 1130 ·
85 1089 247 1190 morbus3
284 1117 396 1194 quem
434 1093 500 1194 qui
533 1107 841 1168 maturescentem
878 1095 1080 1190 attentius,

86 1214 292 1320 inspexerit,
320 1213 393 1288 duo
419 1216 634 1316 praesertim
656 1217 777 1315 signa,
802 1241 851 1290 sc.
877 1241 1054 1318 squamas

86 1332 137 1406 vel
160 1335 278 1424 solas,
306 1335 366 1410 vel
390 1334 574 1428 treberibus
599 1341 848 1430 intermissu,
873 1336 1052 1440 binasque

87 1454 162 1530 ideo
187 1457 326 1534 formas
352 1455 512 1532 diversas
538 1456 644 1532 facile
675 1437 963 1557 animadvertet,
996 1460 1052 1534 in·

87 1589 135 1652 ter
159 1603 249 1680 quas
262 1603 267 1609 ·
280 1577 341 1666 vel
376 1581 517 1681 optimi
542 1575 793 1658 observatores
826 1592 864 1654 et
894 1581 1054 1680 pictores

89 1720 157 1772 non
182 1702 269 1776 satis
298 1683 505 1774 distinxisse
531 1699 713 1776 videntem.
730 1699 926 1777 -Ulcera
950 1717 1055 1803 squa-
1093 1705 1095 1712 ’

90 1842 182 1894 mosa
215 1837 253 1898 et
286 1820 478 1898 tubercula
506 1836 771 1898 commemorat
796 1821 946 1923 quidem
972 1823 1057 1896 Grs·

88 1961 205 2041 tasnu3
232 1942 301 2017 sed
327 1969 372 2016 ex
393 1944 469 2016 eius
492 1942 611 2018 verbis
633 1943 847 2044 neutiquam
863 1967 1057 2045 possumus

91 2060 132 2134 ad
156 2061 342 2166 duplicem
357 2064 481 2152 ,morbi
501 2065 659 2146 sormam
675 2064 905 2140 concludere.
922 2065 1060 2164 darom

93 2204 109 2252 e
140 2186 243 2284 cuius
266 2186 526 2289 descriptione
565 2187 665 2262 haud
698 2187 804 2265 facile
822 2170 959 2264 'morbi
987 2211 1057 2288 per
1160 2185 1166 2192 ’

92 2305 183 2382 varia
208 2307 327 2383 stadia
354 2308 579 2410 decurrentis
612 2309 810 2410 imaginem
843 2309 911 2384 tibi
941 2309 1055 2384 finxe-

92 2424 150 2524 ris,
173 2421 318 2506 maturo
338 2433 520 2533 imprimis
541 2431 726 2532 pingendo
751 2431 927 2528 inhaesit,
955 2429 1057 2505 nulla
1145 2471 1147 2478 v

93 2556 207 2626 tamen
245 2579 481 2654 squamarum
519 2555 617 2634 facta
660 2556 858 2629 mentione.
899 2535 1057 2630 Videtur

95 2683 206 2746 autem
227 2675 368 2756 malum
385 2674 600 2775 delineasse,
623 2675 728 2779 quale
746 2675 869 2751 lustris
888 2699 964 2774 sex,
981 2676 1059 2776 qui·

96 2785 157 2866 bus
180 2796 220 2870 in
243 2800 363 2899 patria
388 2777 611 2874 medicinam
637 2811 862 2895 exercuerat,
892 2795 993 2872 idem
1019 2795 1077 2877 in.

93 2899 527 3020 aegrotis'ol'aservaverat,
542 2921 623 3021 qui,
641 2921 687 2996 ab
710 2916 947 3022 orientalibus
968 2915 1059 2992 Nor·

98 3037 209 3134 regiae
233 3042 435 3141 provinciis
461 3043 636 3143 profecti,
661 3044 773 3148 ipsius
804 3065 914 3144 opem
948 3040 1060 3140 petie·
1111 3074 1116 3082 ·

98 3172 181 3234 rant.
207 3162 315 3238 'Dicit
346 3166 483 3267 etenim
516 3153 588 3259 (ι),
626 3153 791 3264 regiones
824 3159 989 3236 boreales
1023 3175 1060 3234 et
1118 3192 1122 3200 ·

100 3283 334 3359 occidentales
352 3283 421 3360 alia
438 3313 515 3361 esse
534 3288 651 3364 forma
669 3299 833 3383 vexatas,
851 3308 962 3385 quam
979 3282 1060 3356 Sra·
1086 3277 1088 3282 ’
1173 3263 1181 3274 ”

101 3422 269 3484 tmssuen
301 3410 470 3486 nominet
505 3409 709 3512 nodisque,
744 3407 874 3484 crustis
915 3403 1061 3492 densis,

107 3765 142 3832 (Ι)
158 3769 184 3822 L.
201 3790 223 3828 c.
241 3791 269 3845 p.
288 3773 330 3828 36.
349 3775 390 3844 37.
475 3809 477 3814 ·
609 3839 613 3848 ‚

223 3906 248 3974 r.
266 3863 358 3962 rans
369 3906 475 3962 -vou
494 3907 527 3963 11.
