2628 4476
110 371 317 448 latitudinis
343 369 495 471 gradum
519 371 609 462 sita,
625 368 675 444 ad
689 368 848 444 borealis
863 395 979 446 zonae
996 387 1087 448 tem·

110 508 259 598 peratae
295 491 460 570 boreales
497 505 611 566 terras
649 495 811 593 pertinet
840 491 1020 594 longeque
1045 497 1086 570 in

110 614 298 690 borealem
323 638 456 688 zonam
487 611 658 713 frigidam
688 626 812 713 putet,
841 612 889 686 ad
900 616 1087 714 stipatam

112 738 265 837 irmuper
295 732 408 834 aeris,
440 759 513 836 quo
546 734 746 834 Norvegiae
780 735 1000 835 Sveciaeque
1033 738 1088 810 in-

112 848 431 947 construuntur,
456 854 622 932 indolem
638 847 858 948 concludere
883 883 1084 958 possumus.

111 1021 166 1039 --
192 977 407 1054 Defendunt
437 977 591 1079 quidem
632 977 741 1056 multi
784 981 902 1053 nostri
941 994 1092 1054 montes·

112 1099 282 1201 altaeque
314 1101 527 1200 praesertim
558 1123 688 1175 eorum
721 1113 888 1201 catenae,
921 1127 1014 1201 quae
1047 1103 1088 1176 in

111 1221 390 1324 septentrionali
406 1219 645 1321 orientalique
665 1235 778 1294 terrae
796 1224 986 1324 utriusque
1004 1247 1087 1324 par·

114 1355 153 1416 te
169 1344 423 1442 inveniuntur,
440 1333 515 1415 nos*
532 1341 760 1442 aliquantum
777 1368 799 1415 a
824 1343 956 1442 frigido
977 1345 1087 1418 borea

113 1477 301 1564 ventoque
321 1461 468 1562 solano,
494 1489 651 1564 quorum
671 1466 841 1538 saevitiae
865 1465 957 1542 adeo
979 1488 1087 1566 expo·

112 1585 176 1658 siti
202 1597 288 1660 sunt
311 1583 546 1686 planitierum
579 1582 813 1660 habitatores.
840 1584 983 1658 Horum
1018 1613 1084 1658 an-

115 1722 196 1782 tem
225 1705 309 1780 loco
343 1705 450 1780 nobis
484 1705 654 1780 ventulus
688 1721 760 1807 est,
793 1709 877 1807 qui,
912 1707 1088 1807 Norvegis

115 1829 267 1902 nominc
291 1828 387 1904 Snoe
403 1830 599 1940 cognitus,
635 1827 768 1930 leverim
802 1833 1014 1928 praesertim
1046 1832 1086 1903 in

115 1948 270 2024 lacubus
278 1948 475 2050 congelatis
483 1948 710 2051 vallibusque
726 1949 898 2050 angustis,
913 1948 971 2026 vel
989 1965 1087 2024 tran·
1203 1987 1209 1996 ⁴

115 2070 334 2173 quillissimo
361 2069 485 2168 coelo,
513 2085 596 2168 ‚tam
628 2065 761 2146 acriter
792 2073 927 2173 spirat,
962 2074 1088 2173 cuius,

62 2189 68 2194 ’
116 2193 183 2294 qui
204 2192 372 2278 noudum
388 2192 582 2292 senserint,-
598 2194 660 2269 vix
676 2193 788 2268 ullam
807 2195 951 2295 possint
966 2193 1089 2270 ideam

116 2313 396 2392 natm-Ex
421 2313 591 2388 omnibus
616 2341 713 2389 vero·
729 2315 830 2389 hisce
854 2317 941 2390 satis
959 2314 1109 2417 elucet,
1134 2341 1139 2348 ’

115 2438 162 2510 in
183 2435 362 2536 Norregia
392 2435 589 2537 Sveciaque
623 2449 743 2512 aerem
775 2462 852 2536 esse
884 2439 924 2510 in
958 2461 1088 2536 genere

118 2555 306 2655 frigidum,
332 2558 395 2657 qui
421 2558 465 2630 iis
490 2539 674 2658 praeterea
691 2559 732 2632 in
751 2559 979 2658 regionibus,
998 2585 1088 2660 quas

118 2677 252 2754 morbo
277 2679 484 2778 gravissime
511 2679 659 2753 afflictas
684 2678 869 2779 videmus,
882 2683 1014 2786 xnimio
1041 2684 1089 2754 si·

119 2798 200 2874 mul
232 2799 389 2874 humore
424 2814 562 2900 peccat.
597 2801 701 2892 Qu'ae
719 2815 859 2878 autem
896 2801 1089 2901 qualitates

62 3011 66 3019 Ι
121 2947 200 2996 non
231 2935 399 3021 possunt,
435 2923 544 3022 quin,
577 2923 681 2994 iustis
715 2921 889 3020 neglectis
921 2921 1103 3023 cautelis,

119 3045 161 3116 in
188 3068 320 3143 corpus
345 3042 548 3127 humanum
578 3045 707 3118 noxios
732 3044 880 3118 effectus
913 3059 1087 3118 exserant.

118 3162 288 3262 Frigidus
312 3167 448 3236 etenim
474 3176 552 3263 aer,
573 3169 648 3240 iam
665 3193 731 3266 per
748 3193 786 3240 se
808 3145 1012 3238 naturalem
1029 3191 1088 3240 or-

118 3286 273 3384 ganismi
300 3285 458 3359 calorem
472 3287 703 3388 diminuens,
720 3289 751 3361 si
768 3289 880 3360 etiam
896 3288 1005 3359 nimis
1023 3283 1089 3362 hue

118 3405 243 3482 midos
268 3406 333 3506 sit,
355 3407 476 3481 adhuc
498 3406 640 3481 facilius
657 3433 742 3482 enm
758 3406 882 3500 avehit
897 3409 1101 3492 maiorem.

120 3553 192 3630 que
218 3525 303 3600 ideo
329 3529 530 3628 perniciem
556 3526 684 3600 adfert.
718 3600 721 3604 ,
1000 3531 1003 3544 “
1041 3623 1048 3636 .

196 3647 334 3722 Verum
358 3649 458 3722 enim
483 3674 570 3724 vero
594 3649 692 3724 inter
716 3673 843 3724 omnes
870 3659 984 3722 terrae
1010 3645 1089 3748 pla·

122 3796 201 3871 gas,
228 3785 355 3846 nostro
381 3769 511 3845 morbo
527 3771 693 3872 roxane,
710 3793 787 3848 non
804 3754 998 3873 possumus
1015 3767 1088 3842 hoc
