2626 4470
103 359 226 464 Dania
248 351 407 434 multum
431 355 614 455 neglectus
645 355 864 457 publicaque
897 263 1016 460 quies7
1034 375 1070 433 et

106 481 282 582 securitas
307 480 487 552 intestinis
512 477 617 552 bellis
642 477 816 550 turbatae.
844 513 846 520 ·

71 614 72 617 ’
186 603 242 673 De
267 598 441 674 horrendi
467 599 552 698 mali
578 600 618 671 in
641 601 767 673 insulis
791 600 1072 676 Foeroeensibus

110 722 316 820 frequentia
332 745 397 792 suo
413 735 583 821 *tempore
604 720 716 794 Draus
734 719 890 792 multum
913 723 1076 821 queritur

112 847 183 939 (¹)5
209 865 326 940 neque
360 856 444 914 sunt
477 865 620 940 causae,
652 865 744 941 qnae
775 839 914 914 ibidem
944 841 1076 917 morbo
1112 882 1115 886 ·

113 960 296 1064 gignendo
322 959 522 1062 alendoque
549 963 722 1060 laverint,
738 961 882 1036 detentu
902 963 1074 1036 difficiles.

6 1113 10 1120 ³
113 1081 200 1156 Non
226 1107 316 1181 opus
342 1095 396 1154 est
421 1097 625 1182 autumare,
649 1083 819 1156 morbum
843 1111 909 1184 per
939 1087 1076 1184 primos

114 1199 268 1276 colonos
294 1227 368 1274 esse
395 1227 414 1274 e
438 1201 615 1301 Norvegia
639 1203 732 1275 istuc
758 1217 989 1302 apportatum
1015 1229 1074 1278 so·

115 1320 225 1420 laque
250 1321 335 1395 ideo
361 1324 576 1419 contagione
610 1319 663 1394 ibi
695 1338 952 1423 propagatum3
984 1351 1078 1425 quae

117 1443 265 1542 opinio,
290 1469 404 1543 quum
429 1457 467 1515 et
491 1441 641 1516 historia
666 1441 736 1515 hae
762 1443 807 1514 da
832 1469 870 1516 re
901 1458 1019 1518 taceat
1043 1460 1081 1519 et

117 1560 290 1664 possibile
315 1566 385 1660 sit⁷
406 1566 544 1663 primos
569 1565 726 1640 advenas
750 1562 851 1636 nulla
876 1590 999 1636 seeum
1029 1579 1080 1638 at·

119 1683 245 1758 tulisse
279 1684 398 1758 morbi
428 1686 590 1783 seminam·
622 1687 682 1757 vix
717 1685 829 1756 firmis
861 1687 1080 1783 argumentis

120 1805 266 1878 suffulta
292 1820 355 1881 est.
372 1805 454 1878 Tali
470 1813 556 1880 veio
574 1805 813 1906 explicatione
829 1831 906 1878 non
924 1831 1082 1904 egemus,

121 1923 188 2000 ubi
213 1925 354 2003 facilius
379 1953 569 2027 possumus
594 1927 772 2026 longeque
798 1928 929 1999 'certius
945 1927 1084 2026 'prieti
1149 1967 1153 1974 ,

87 2137 91 2146 .
122 2047 210 2150 nam
235 2047 355 2120 morbi
375 2045 565 2131 ‘saevitiem
590 2027 781 2121 declarare.
797 2047 928 2120 Aerem
949 2049 1084 2120 etenim

91 2253 95 2270 .
121 2168 163 2238 in
187 2165 313 2240 insulis
337 2167 618 2242 Faeroeensibus
643 2151 788 2243 modice
814 2167 985 2270 frigidum
1006 2194 1082 2242 esse
1172 2162 1178 2169 ’

122 2273 232 2386 atque
257 2282 450 2362 humidum
482 2316 590 2391 supra
623 2289 677 2387 (a)
710 2289 932 2387 audivimus,
965 2291 1083 2390 pisca·

111 2408 264 2482 tionem
299 2410 478 2510 imprimis
514 2413 652 2512 priseos
689 2407 828 2486 incolas
865 2412 1081 2508 exercuisse,

449 2651 766 2676 *w
779 2679 783 2691 “

128 2806 169 2866 (ι)
186 2788 307 2854 raison
324 2805 352 2852 et
367 2799 471 2853 Fateor
487 2805 616 2867 reseram,
634 2797 660 2851 d.
671 2797 874 2851 ‘euhemerum
892 2812 924 2848 oe
940 2795 1083 2849 Faerotake

186 2888 361 2958 Indbyggeris
383 2886 566 2943 Beslrilvelse.
589 2885 624 2940 Al
640 2888 705 2941 Lus.
719 2887 830 2960 'lacera
848 2887 939 2939 Draus.
956 2883 1083 2952 Rjobhtn.

120 2961 122 2970 ,
191 2977 264 3045 1673.
284 2995 310 3046 p.
329 2976 448 3050 alil-284.
466 2977 539 3027 Dicit
556 2975 664 3046 quidem
681 2963 765 3027 celeb,
788 2975 838 3027 Th.
856 2975 1032 3025 Basraomnns
1054 2971 1082 3023 in

188 3065 332 3134 opusculo3
351 3064 424 3136 quod
441 3064 474 3117 de
492 3064 590 3117 morbis
608 3063 710 3116 bibliois
728 3080 797 3115 anno
819 3063 881 3132 1672
900 3061 954 3112 luci
975 3059 1081 3112 commi·

189 3154 227 3206 sit
242 3135 370 3223 allapsam
386 3153 467 3206 luisse
489 3155 518 3205 in
539 3153 631 3205 insulis
653 3149 1032 3205 borealibus‘Faerooensibna
1054 3156 1082 3200 et

189 3241 309 3296 islandia
327 3243 390 3294 olim
407 3241 575 3309 familiarem,
586 3241 664 3293 sicuti
674 3240 825 3293 nosocomia
836 3239 935 3290 ibidem
950 3244 1085 3290 exstructa

188 3337 335 3396 testantur,
355 3347 422 3401 quae
434 3347 512 3388 nuno
528 3347 613 3384 vacua
629 3330 898 3396 ruinamminantur,
915 3346 932 3378 o
942 3315 1017 3378 nullo
1039 3343 1085 3378 au·

188 3429 245 3473 tem
268 3418 384 3471 indicato
400 3419 482 3472 fonte.
500 3419 567 3483 (Tb.
585 3421 739 3470 Banraomsr
757 3417 790 3469 de
807 3417 891 3470 morb.
901 3415 967 3469 bibl.
977 3415 1085 3468 miscell
1125 3455 1129 3464 f

190 3507 295 3562 medica
305 3527 331 3579 p.
343 3507 400 3574 41).
412 3507 531 3568 Praestat
547 3521 611 3562 vero
624 3508 710 3559 Lucan
721 3505 894 3568 Daresfidem
903 3506 1015 3572 babere}
1025 3505 1085 3574 qui,

190 3585 248 3667 ijrao'
267 3604 397 3668 antoptes,
415 3613 484 3648 anno
502 3603 564 3667 post
580 3594 686 3667 scripsit
701 3593 815 3666 ideoque
824 3594 934 3649 forsitan
945 3596 1085 3648 Baarnoat-

191 3702 226 3738 ro
242 3683 362 3737 nondum
380 3685 509 3753 cognitus.
582 3691 586 3695 “
656 3721 658 3728 .

132 3779 175 3844 (a)
193 3773 223 3828 Ρ.
242 3774 285 3828 56.
836 3811 842 3818 .
898 3849 903 3858 .

262 3883 287 3938 1.
304 3881 394 3950 amnt
404 3881 498 3938 -vot
516 3883 550 3939 11.
948 3878 966 3945 4
