2628 4476
236 233 287 328 24

210 357 293 457 gia,
312 375 423 456 quam
448 349 495 426 de
519 333 669 450 morbo,
695 349 843 454 qualem
867 376 944 428 sese
976 355 1019 430 in
1044 354 1189 436 sesua
1229 337 1234 344 ⁵

209 474 397 566 exhibeat,
413 473 642 576 paucissimis
659 471 797 550 abhinc
820 477 929 550 annis
945 475 1188 558 doctissimus

128 591 136 606 ’
210 597 503 674 cremensem>
537 595 645 672 nohis
684 594 853 698 reliquit,
880 598 1024 700 pictura
1056 605 1131 701 (r),
1164 627 1189 676 e

208 718 438 814 medicorum
470 719 704 794 Svecicorum
736 715 910 800 relatibus
946 719 996 796 ad
1026 721 1213 822 Regium.

208 840 380 918 Sonitutis
405 839 610 940 Collegium
633 839 753 916 missis
778 838 947 916 desumta
970 822 1185 946 magnoque

209 989 297 1038 cum
320 961 443 1040 studio
468 976 507 1038 et
529 961 669 1039 iudicio
693 961 850 1063 digesta,
876 961 979 1040 aliud
1003 979 1059 1040 est
1083 991 1188 1042 more·
1224 1039 1229 1058 ,

208 1083 249 1158 bi
273 1085 431 1161 initium.
456 1125 509 1146 ·-
533 1083 715 1162 Omnibus
731 1110 820 1162 vero
844 1083 947 1160 hisce
971 1085 1067 1166 bene
1092 1113 1188 1164 con-

208 1206 392 1307 sideratis,
416 1209 477 1284 vix
493 1205 620 1282 ‘ullum
644 1233 722 1284 esse
747 1219 853 1310 puto,
891 1209 957 1312 qui
989 1207 1186 1311 morbum,

210 1343 408 1432 antequam
440 1329 529 1406 foris
560 1331 748 1432 eruperit,
790 1328 955 1416 motibus
988 1331 1186 1408 febrilibus

212 1453 429 1526 annunciari
479 1465 596 1552 neget.
639 1513 643 1528 .

284 1575 410 1650 Restat
434 1572 520 1648 dein
546 1570 737 1674 paululum
758 1571 977 1676 disquirere,
1001 1574 1186 1676 quidnam

208 1695 257 1772 sit
279 1695 400 1774 morbi
421 1693 624 1798 principale
640 1679 885 1796 signumsive
909 1696 967 1787 id,
984 1695 1087 1798 quod
1106 1697 1187 1774 tale

209 1822 273 1917 eit,
294 1833 337 1896 ut
358 1821 497 1921 generis
522 1831 611 1894 nota
630 1820 772 1904 'censeri
792 1831 983 1896 mereatur.
1005 1817 1186 1896 Perlectis

210 1941 425 2043 collatisque
456 1943 554 2016 inter
587 1967 626 2016 se
658 1943 861 2018 innumeris
892 1965 1010 2046 paene
1043 1940 1186 2018 descri-

108 2041 113 2062 ’
207 2062 416 2166 ptionibus,
442 2089 531 2165 ques
557 2062 603 2138 de
628 2062 761 2140 morbo
784 2063 934 2138 Sveciao
958 2062 1183 2164 Norvegiae-

148 2173 152 2184 ’
208 2211 279 2287 que
303 2183 439 2262 medici
463 2185 660 2287 reliquere,
685 2179 837 2288 propria
869 2185 1021 2288 insuper
1052 2184 1184 2260 sedule

207 2305 463 2384 observatione
486 2309 633 2382 innixus
658 2305 752 2384 mihi
784 2308 939 2384 omnino
964 2329 1184 2410 persuasum
1312 2381 1313 2400 ,

207 2428 326 2506 habeo
351 2445 460 2532 atque
484 2429 697 2532 probatum,
722 2429 864 2530 morbi,
894 2427 996 2506 haud
1020 2427 1184 2534 emplius

207 2555 382 2644 recentis,
410 2577 534 2654 neque
567 2552 741 2630 scorbuto
774 2549 1015 2654 complicati,
1035 2555 1182 2654 praeci·

207 2701 324 2776 puum
346 2687 554 2777 spnptoma
570 2699 646 2750 esse
670 2699 855 2776 squamos,
881 2673 1035 2776 adquae
1065 2699 1183 2776 qusn-
1311 2693 1312 2712 ¹

208 2811 285 2872 tam
301 2791 507 2872 monstrent
524 2796 654 2871 allatae
669 2775 951 2872 efflorescentes
976 2794 1183 2896 tubereque

206 2921 286 3021 ipss
309 2919 595 3022 proclivitatem,
623 2944 667 2993 err
684 2917 845 2994 exhibita
870 2915 990 2992 morbi
1011 2917 1180 3017 'imagine

207 3043 294 3116 setis
320 3055 477 3142 apparet
503 3039 628 3144 Neque
653 3039 738 3118 ideo
765 3037 1042 3136 contendimus,
1067 3063 1181 3140 squa-

206 3165 276 3238 mis
294 3161 478 3261 formaris,
501 3161 675 3239 morbum
691 3160 884 3237 subsistere
905 3157 954 3234 ad
974 3183 1178 3243 summum·

209 3308 279 3386 que
303 3285 526 3386 pervenisse,
547 3284 587 3358 id
609 3281 711 3386 quod
731 3307 886 3359 menon
906 3281 1058 3381 sentire,
1079 3279 1180 3384 ipsa,

199 3639 251 3758 Ι(ι)
270 3687 322 3742 Om
339 3687 373 3742 de
391 3693 420 3740 et
435 3685 543 3742 kallade
561 3685 687 3744 urende
703 3683 846 3742 venerlsks
862 3641 1058 3757 Sjukdomaroe
1075 3691 1127 3770 etc,
1142 3683 1181 3738 M

269 3777 299 3832 P.
317 3777 352 3832 G.
370 3776 575 3834 Cerrncmtm.
593 3773 731 3836 Stoekolm
750 3775 824 3848 1⁸14.
840 3793 886 3848 pp.
906 3791 937 3832 ro
953 3781 983 3834 et
998 3789 1073 3846 sequ.
