2628 4476
1049 197 1091 268 13

145 307 376 387 vocabulum
406 310 496 384 sutis
528 333 649 412 presse
682 325 721 386 et
739 325 854 414 apte·
870 314 922 411 (ι)
952 333 1033 388 eam
1065 315 1118 392 la-

147 434 235 508 bem
271 433 476 533 significet,
521 458 614 534 quea
646 433 758 508 hodie
791 435 996 538 Radesyge
1021 437 1117 514 salu·
1152 459 1160 472 ·

148 568 259 654 tetur,
288 579 404 656 quum
429 551 730 666 deniquereoens
745 555 1024 636 vocabulorum
1041 563 1117 634 ani·

146 680 220 754 mis
240 675 451 784 hominnm,
476 681 681 768 exterorum
702 679 901 780 imprimis,
926 703 1118 756 erroneam

147 799 272 873 morbi
305 801 496 886 notionem
533 802 757 902 impresserit
768 833 793 900 ,·
818 821 905 874 sane
927 813 1021 876 ‘non
1059 806 1113 878 vi·

148 921 249 1019 deo,
276 947 343 998 cur
375 923 512 998 novum
546 915 701 997 verbum
738 909 779 998 in
815 921 939 1023 lingua
976 922 1115 1000 diutius

145 1043 381 1116 retineamus

224 1165 279 1238 De
305 1184 356 1237 ea
379 1165 489 1264 igitur
521 1163 746 1266 pestilentia,
777 1189 889 1267 quarn
917 1167 1115 1284 Rudesyge

144 1299 383 1387 nunoupent,
403 1302 487 1362 non
510 1286 560 1360 ad
585 1285 745 1388 amplam
769 1287 876 1400 istam
896 1288 998 1364 vocis
1019 1289 1114 1388 vim,
1159 1303 1161 1308 '

146 1430 242 1510 quae
268 1409 315 1482 de
341 1421 418 1482 tota
443 1406 529 1480 sera
544 1406 662 1484 classe
681 1406 779 1482 valet
802 1395 922 1509 neque
943 1407 991 1482 de
1013 1423 1133 1486 certo·
1195 1475 1203 1492 .

131 1531 278 1619 Ιιιιοιιιο
303 1529 424 1604 ideam
441 1527 613 1632 praebet,
635 1527 808 1604 disserere
829 1551 936 1604 mons
954 1543 1028 1628 est·
1050 1532 1114 1604 sed

144 1651 380 1729 solummodo
406 1651 455 1726 ad
478 1651 741 1750 angustiorem,
768 1652 853 1762 quis
878 1651 997 1726 vor'ae
1019 1643 1120 1726 eius-
1131 1731 1134 1736 ,

146 1776 233 1850 dern
259 1775 390 1874 origini
410 1774 525 1871 magis
543 1785 788 1848 consentanea
806 1771 950 1852 videtur
964 1771 1035 1848 sub
1056 1799 1112 1848 ee-

144 1899 304 1999 demque
329 1894 522 1984 serioribus
547 1895 759 1995 praesertim
775 1893 964 1970 decenniis
980 1897 1110 1996 penin-
1151 1949 1152 1954 ,

142 2018 244 2094 sulae
270 2031 415 2093 nostrae
440 2015 656 2091 cultioribus
681 2013 812 2090 ineolis
829 2003 1009 2116 innotuit,
1027 2043 1111 2092 eum

129 2136 459 2242 pertractabimus.
475 2135 614 2224 Verum
630 2163 661 2235 ιιι
652 2135 717 2212 ιιι
725 2135 854 2244 ,quod
868 2140 1109 2239 suscepimus,

141 2287 230 2337 sane
256 2285 333 2337 non
359 2259 543 2335 medioors
569 2283 687 2370 neque
717 2258 796 2352 leve
829 2283 962 2336 munus
996 2264 1111 2336 confi

142 2408 225 2460 cere
246 2385 445 2486 possimus,
466 2384 687 2482 argumentis
707 2381 984 2482 rationibusque
1005 2381 1112 2457 mon'-
1140 2475 1142 2482 y

142 2505 294 2606 stratur,
327 2521 473 2578 necesse
492 2517 555 2578 est
560 2505 685 2606 ,quis
720 2505 768 2578 sit
799 2503 952 2580 morbus
986 2517 1110 2578 noster
1164 2563 1168 2572 .

142 2629 335 2704 euinemve
360 2559 575 2703 morborum
595 2627 719 2726 generi
735 2624 937 2723 subiectus,
954 2623 993 2698 id
1011 2625 1112 2725 quod

379 2909 382 2918 »
618 2917 622 2922 .
750 2915 758 2938 ,

166 3117 212 3179 (ι)
225 3113 442 3182 Hennensem,
466 3109 649 3178 Sansnuuka,
670 3108 800 3164 Sasnssas
822 3093 925 3178 διατι,
948 3107 1104 3177 Serrium,

144 3205 341 3271 Sransusreso,
362 3209 448 3256 contr.
469 3201 561 3269 ¹Salar,
583 3215 746 3270 synonyma,
768 3199 891 3258 morbum
914 3186 1104 3268 significantis,

122 3309 198 3364 -quo
216 3293 306 3346 vexati
323 3291 400 3368 quasi
416 3309 534 3346 sorenes
552 3291 579 3342 in
596 3287 763 3360 leprosorum
780 3287 875 3342 domus
893 3288 999 3341 admissi
1017 3283 1103 3353 suere}
1168 3329 1173 3336 .,

144 3380 218 3435 unda
234 3381 408 3452 intelligitur,
425 3397 493 3454 quaa
510 3377 716 3434 lstinobarberir
739 3377 861 3450 patribus
884 3381 982 3432 nostris
1004 3379 1032 3430 iu
1054 3372 1106 3452 ιιιιι

142 3478 216 3539 arat,
242 3469 341 3527 horum
360 3471 592 3528 nosodoehiorum
614 3469 797 3524 denominatio
820 3467 959 3539 hospitalia
980 3447 1104 3522 ιιιιιιιιιιι

143 3560 236 3632 itaque
254 3560 441 3630 hospitalibus,
452 3561 521 3616 haee
537 3561 636 3614 iterum
654 3559 767 3628 aegrotis
779 3557 936 3626 Suenmsra,
952 3559 1103 3624 Suarassra,

143 3655 171 3702 et
188 3647 282 3702 morbo
298 3645 492 3720 διιιιιιιιιιιιιι,
514 3650 658 3704 Srarsesu
679 3649 846 3720 coeterisque
869 3631 989 3702 finitimis
1012 3646 1100 3704 verbis
1182 3681 1195 3708 2

143 3737 274 3807 originem
291 3739 482 3810 praehuerunt.
