2626 4470
264 233 370 428 86Ad
394 354 587 427 sanitatem
619 351 794 428 tuendam
825 353 1046 458 morbosque
1078 359 1198 460 proili-

237 475 377 576 gandos
402 475 566 574 corporis
590 475 631 548 in
655 499 749 574 aqua
774 473 996 552 lavationem
1021 479 1123 580 apud
1149 509 1199 558 vc·

236 613 327 672 teres
352 596 529 688 Graecos,
554 594 612 670 vel
632 595 856 696 Hippocrate
876 597 1035 698 priores,
1057 626 1198 676 summo
1295 615 1296 700 ζ

237 719 278 792 in
303 717 443 792 honore
469 717 578 790 luisse
610 719 877 818 maximamque
908 718 1077 794 hahuisse
1110 721 1200 796 fidu·

239 841 351 938 ciam,
376 863 452 912 non
479 837 628 936 desunt,
654 863 747 937 qnae
764 853 951 914 testentur.
967 841 1114 915 Balneis
1132 857 1202 918 ete·

213 960 317 1051 ,nim
341 958 494 1058 tepidis,
516 972 644 1058 utpote
670 959 819 1033 Herculi
837 964 1057 1036 consecratis
1064 964 1201 1061 ,fessas
1295 1007 1296 1020 .

184 1169 194 1188 Ι
237 1080 333 1153 vires
359 1081 499 1154 restitui
523 1079 816 1181 Herculeamque
850 1081 965 1157 robur
995 1087 1203 1185 recuperari

236 1225 342 1299 posse
367 1199 524 1273 athletae
548 1215 770 1302 putaverunt
799 1205 871 1301 (2),
901 1202 1058 1302 plurima
1092 1205 1200 1280 etiam
1295 1195 1296 1216 ²

236 1319 403 1421 Asclepia
436 1320 576 1422 aliaque
609 1322 770 1396 Deorum
806 1321 1035 1413 medicorum
1067 1325 1201 1427 templa

238 1443 339 1517 luere
355 1441 413 1515 vel
429 1442 477 1515 ad
493 1441 665 1516 salutares
684 1443 803 1518 sontes
820 1441 1021 1545 fluviosque
1039 1447 1129 1543 sita,
1145 1445 1202 1521 vel

237 1566 332 1644 veris
349 1563 498 1636 thermis
514 1562 695 1663 praedita,
713 1589 868 1664 quarum
885 1589 998 1665 aquae
1016 1569 1093 1666 ejus
1109 1565 1204 1641 aeta·

238 1689 286 1760 tis
306 1686 473 1758 homines
490 1698 629 1757 tantam
647 1684 803 1758 tribucre
819 1685 1092 1760 medicatricem
1109 1689 1202 1788 vim,

238 1820 281 1881 ut
305 1811 434 1888 omnia
455 1804 525 1878 alia
561 1804 723 1878 remedia
760 1829 1026 1906 supervacanea
1064 1807 1204 1907 judica·

188 1908 192 1920 ,
238 1942 322 2002 rent
343 1933 401 2020 (ι).
425 1925 586 1998 Sollicita
608 1939 730 1998 autem
751 1923 841 2000 haec
863 1927 1057 2000 munditiei
1075 1953 1204 2030 corpo·

238 2049 289 2122 ris
313 2046 509 2120 servandae
535 2071 620 2118 cura
645 2047 935 2147 praecipuasine
961 2046 1074 2121 dubio
1100 2047 1207 2122 causa

239 2167 333 2266 llrit,
357 2193 422 2240 cur
446 2168 486 2239 in
513 2165 663 2240 Graecia
688 2166 812 2267 lepra,
838 2166 975 2241 nodosa
1000 2169 1204 2268 imprimis,

96 2325 100 2336 ¹
194 2355 202 2362 .
239 2303 315 2364 tam
340 2287 440 2362 lento
459 2282 570 2386 gradu
587 2288 888 2395 irrepseritEam
908 2313 955 2362 ne
970 2286 1206 2388 Hippocratis

239 2407 389 2510 quidem
414 2421 576 2506 tempore
600 2406 652 2478 ibi
679 2407 788 2480 fuisse
818 2405 1044 2507 populariter.
1063 2433 1204 2508 grassa·

239 2541 315 2602 tam
341 2527 398 2602 vel
422 2528 517 2599 inter
543 2525 701 2600 Graecos
717 2540 792 2600 tam
809 2526 1003 2601 crudeliter
1017 2523 1206 2629 saeviisse,
1295 2551 1296 2572 ¹

149 2739 156 2760 ,
198 2639 202 2657 .
239 2663 348 2750 atque
371 2649 470 2721 ¹inter
495 2647 582 2721 alias
606 2652 683 2749 ejus
712 2650 838 2722 aetatis
875 2645 1045 2724 florentes
1063 2737 1065 2747 γ
1084 2652 1205 2726 natio·

193 2813 202 2840 r
238 2794 336 2868 nes,
354 2793 462 2870 supra
485 2769 718 2867 monuimus,
747 2769 791 2842 id
816 2767 917 2870 quod
940 2767 1001 2844 vel
1023 2767 1112 2842 inde
1138 2774 1205 2870 pa·

127 2921 130 2929 ’
238 2881 315 2990 tet,
355 2890 455 2991 quod
491 2891 538 2962 in
559 2911 722 2990 operum
760 2877 954 2988 thesauro,
1000 2913 1094 2990 quae
1133 2885 1204 2964 sub

239 3010 390 3084 celebris
417 3009 484 3083 Coi
510 3013 666 3084 nomine·
690 3005 799 3110 vulgo
839 3010 1003 3084 feruntur
1014 3064 1026 3108 ,
1059 3007 1202 3083 nullam

238 3129 390 3229 legimus
428 3122 553 3234 curam
590 3143 666 3236 aut,
690 3129 935 3232 prophylaxin
976 3127 1063 3205 huic
1101 3129 1204 3203 malo

240 3253 430 3350 speciatim
454 3251 759 3333 commendatam.
788 3251 888 3325 Inter
919 3247 1082 3366 remedia¹
1112 3273 1205 3324 vero

579 3473 1002 3500 m

243 3587 493 3662 (1)K.,Srarrorca
510 3559 587 3644 Vera.
604 3591 662 3646 ein.
675 3594 802 3660 pragmat.
821 3587 918 3642 Gesch.
934 3584 962 3642 d.
979 3586 1105 3644 Anneik.
1123 3605 1133 3644 r
1149 3571 1202 3642 Tb.

301 3678 378 3730 Halle
399 3679 471 3730 1800.
488 3695 515 3750 p.
537 3679 593 3748 176.

246 3769 287 3834 (a)
303 3764 361 3818 Lib.
378 3783 443 3838 nup.
461 3767 506 3820 cit.
523 3784 569 3838 pp.
590 3766 652 3840 183,
674 3767 734 3836 195,
755 3781 810 3835 ¹99·
